2159 3521
594 425 704 459 Species
726 424 962 459 Lepidopteroruni
982 425 1119 460 hucusque
1138 424 1296 458 descriptae.
1718 414 1769 451 79

118 510 231 543 latus.
272 509 368 543 Alae
403 506 552 541 anticae
590 507 742 542 latiores
776 506 797 542 i.
835 519 866 542 e.
905 507 1007 544 venis
1040 507 1287 553 longioribus,
1330 510 1498 555 posticae
1524 515 1628 545 costa
1656 511 1771 546 inulto

118 568 301 611 breviore,
327 567 423 601 bene
449 577 629 609 convexa,
656 569 794 613 angulo
820 566 956 613 apicali
982 567 1047 604 vix
1074 567 1259 603 distincto.

251 637 334 681 233).
360 639 456 673 Alae
482 640 649 685 posticae
676 639 935 673 subcaudatae
960 640 1020 674 vel
1046 640 1168 674 cauda
1194 639 1312 684 brevi,
1338 641 1636 687 subspathulata.
1662 640 1772 676 Duae

118 697 260 733 formae
286 696 507 732 feminarum
534 697 589 738 (in
615 697 782 733 omnibus
813 697 1063 744 speciebus3).

252 767 334 811 234).
368 768 532 815 Magnus
581 769 627 803 de
678 768 828 804 sexibus
875 769 1075 803 dissensus.
1122 767 1273 814 Anglici
1313 772 1483 804 auctores
1535 771 1598 814 (cl.
1635 771 1775 817 (ἔκη’,

117 830 284 872 Moore7
308 828 484 862 Hutton
510 828 545 863 in
571 827 763 862 Transact.
808 827 849 862 of
872 827 935 863 the
962 831 1036 862 ent.
1063 827 1142 862 Soc.
1170 830 1213 863 V.
1239 839 1275 872 p.
1303 828 1365 869 46)
1411 829 1551 875 Polytis
1576 832 1618 865 L.
1651 841 1773 864 mares

117 887 254 924 vidisse
291 888 438 931 volunt,
476 888 538 921 sed
582 892 772 933 putamus,
811 898 872 922 eos
916 886 1072 921 feminas
1106 886 1364 921 abdominibus
1391 888 1638 923 exsiccatione
1664 889 1774 924 valde

118 946 336 993 compressis
374 950 464 981 ante
499 947 623 981 oeulos
649 945 836 980 habuisse.
879 945 1074 980 Permulta
1100 945 1245 990 Polytis
1272 945 1498 992 inspeximus
1525 947 1728 992 specimina
1755 959 1774 981 e

118 1005 373 1042 diversissimis
412 1004 500 1040 locis
527 1009 566 1040 et
591 1005 714 1040 omnia
740 1004 917 1040 feminina
955 1005 1109 1039 fuerunt
1145 1009 1184 1039 et
1223 1005 1462 1040 diversitates
1498 1006 1774 1052 geographicas

118 1064 282 1100 maribus
309 1065 638 1111 correspondentes
665 1065 932 1110 praebuerunt.

253 1133 336 1179 ²³⁵),
364 1135 571 1182 Specimina
595 1135 784 1182 regionem
812 1135 1021 1170 interiorem
1047 1138 1261 1170 montanam
1293 1135 1491 1172 incolentia
1529 1135 1773 1178 (Rambodde.

119 1195 162 1230 cl.
190 1193 399 1237 Nietner)
443 1198 502 1229 sat
543 1195 755 1241 discrepant
792 1196 839 1229 ab
866 1194 994 1229 indicis
1028 1200 1065 1230 et
1090 1195 1318 1230 littoralibus
1345 1195 1595 1237 (Trincomali.
1621 1196 1663 1232 P.
1690 1196 1772 1232 Mi-

118 1253 265 1297 liani).
290 1255 464 1289 Lunulae
490 1253 717 1300 marginales
744 1253 907 1289 latiores.
934 1255 1066 1289 Fascia
1091 1256 1214 1290 latior.
1240 1254 1392 1290 Femina
1417 1265 1531 1302 supra
1548 1255 1661 1290 etiam
1679 1255 1773 1290 serie

119 1312 391 1358 submarginali
416 1313 630 1347 lunularum
656 1313 909 1348 obsoletarum
936 1313 1204 1348 rufescentium
1230 1317 1288 1350 vel
1316 1316 1591 1350 ochracearum.
1616 1314 1769 1348 Femina

118 1372 261 1418 Polytis
296 1372 440 1407 formae
477 1373 559 1406 alas
596 1373 749 1407 latiores
786 1373 925 1417 habet,
969 1383 1080 1419 quam
1119 1373 1254 1418 indica,
1289 1376 1326 1408 et
1359 1373 1549 1408 obscurius
1576 1374 1774 1408 coloratas.

119 1430 319 1466 Aberratio
347 1430 508 1466 Stichius
546 1431 704 1477 (absque
742 1433 889 1466 macula
915 1433 1005 1467 alba
1039 1432 1075 1466 in
1102 1433 1239 1467 cellula
1269 1433 1415 1466 alarum
1441 1432 1688 1478 posticarum)
1715 1432 1774 1466 hic

118 1488 231 1523 etiam
257 1488 438 1535 provenit.

252 1557 334 1603 ²⁸⁴⁶).
359 1560 456 1594 Alae
482 1561 598 1595 multo
625 1559 787 1606 latiores,
814 1560 960 1595 anticae
986 1561 1218 1606 obtusiores.,
1261 1572 1371 1608 quam
1404 1561 1439 1596 in
1466 1561 1774 1607 praecedentibus

118 1616 383 1662 varietatibus,
409 1619 557 1665 saepius
584 1619 754 1666 margine
780 1624 936 1655 externo
965 1625 1025 1654 sat
1051 1632 1228 1656 convexo.
1275 1621 1404 1655 Cauda
1431 1631 1575 1655 marum
1601 1625 1638 1657 et
1663 1621 1775 1656 femi-

117 1687 251 1711 narum
276 1678 389 1712 maris
419 1680 538 1713 colore
569 1680 651 1724 plus
678 1678 795 1714 minus
820 1678 1039 1716 lobiformis.

253 1747 336 1791 ²³⁷).
362 1748 528 1796 Utraque
566 1750 690 1796 figura
729 1748 827 1784 haud
854 1750 998 1786 omnino
1026 1751 1186 1797 quadrat
1210 1749 1246 1785 in
1272 1750 1447 1796 Polytem,
1486 1751 1588 1797 prior
1613 1751 1713 1786 infra
1740 1752 1775 1785 in

117 1807 186 1842 alis
228 1807 376 1855 posticis
414 1810 507 1843 duas
551 1809 710 1844 ostendit
750 1808 862 1845 series
903 1811 1133 1845 macularum
1175 1809 1508 1857 subniarginalium
1524 1837 1535 1856 ‚
1591 1811 1774 1857 posterior

116 1867 270 1902 nullam.

250 1925 333 1971 ²³⁵³).
361 1926 570 1974 Specimina
608 1926 784 1962 feminina
824 1929 1008 1964 ternatica
1045 1928 1203 1963 caudam
1246 1929 1361 1964 multo
1402 1928 1622 1974 breviorem,
1650 1928 1776 1964 denti-

116 1985 272 2020 formem
298 1991 450 2032 gerunt.

249 2044 330 2088 ²³⁹).
357 2047 479 2080 Facile
507 2057 588 2080 cum
614 2045 879 2081 RPammone
898 2046 1041 2091 javano
1069 2047 1360 2091 confundenduS‚
1394 2048 1456 2081 sed
1483 2048 1578 2082 bene
1603 2047 1772 2083 diversus

115 2103 232 2139 fascia
256 2105 436 2140 maculari
463 2106 607 2140 alarum
633 2106 858 2151 posticarum
877 2107 1020 2150 latiore,
1049 2107 1157 2140 dente
1175 2107 1221 2140 ad
1241 2117 1381 2141 ramum
1401 2107 1609 2142 medianum
1625 2109 1773 2141 tertium

115 2164 229 2198 multo
256 2163 395 2208 latiore,
443 2164 507 2201 vix
545 2166 800 2211 prominente⁷
838 2165 988 2201 maculis
1027 2166 1371 2212 submarginalibus
1409 2166 1444 2200 in
1480 2177 1606 2202 earum
1633 2166 1774 2213 pagina

116 2222 288 2258 inferiore
315 2224 408 2259 sicut
433 2230 472 2259 et
497 2225 648 2261 maculis
674 2226 709 2260 in
738 2226 888 2261 sinubus
915 2225 1091 2271 marginis
1118 2236 1210 2272 pure
1237 2226 1350 2270 albis,
1376 2226 1450 2260 illis
1474 2225 1632 2270 margini
1657 2227 1771 2259 multo

117 2283 238 2327 magis
264 2283 547 2329 approximatis.

252 2340 332 2385 ²4⁰).
358 2343 509 2378 Nullum
536 2355 675 2378 marem
702 2344 824 2378 adhuc
849 2343 1021 2379 vidimus.
1057 2342 1132 2377 Nisi
1158 2344 1301 2378 alarum
1328 2343 1534 2378 antica-rum
1561 2342 1774 2388 signaturae

116 2402 163 2435 ab
191 2401 358 2436 omnibus
384 2402 527 2449 Polytis
552 2403 797 2438 varietatibus
823 2407 947 2437 tantas
974 2403 1196 2448 praeberent
1221 2403 1468 2448 diversitates,
1495 2402 1603 2437 facile
1630 2403 1773 2437 tertiam

117 2462 274 2496 sormam
301 2461 457 2497 feminae
482 2461 606 2508 Polym*
632 2463 931 2497 adscriberemus.

253 2517 332 2562 ²¹¹¹).
361 2522 512 2556 Statura
545 2524 657 2557 multo
697 2522 840 2567 major,
878 2533 987 2568 quam
1028 2522 1063 2556 in
1103 2522 1363 2569 praecedente.
1392 2519 1542 2555 Femina
1568 2520 1660 2555 mari
1687 2532 1774 2554 con-

115 2579 252 2614 formis.
294 2581 390 2615 Alae
425 2581 590 2627 posticae
632 2594 776 2628 semper
814 2583 1251 2627 spathulato-caudataQ
1292 2582 1388 2616 haud
1428 2579 1544 2615 fascia
1568 2581 1629 2615 sed
1658 2581 1774 2625 plaga

117 2639 323 2685 subapicali
349 2652 459 2686 supra
486 2645 649 2676 ornatae.

253 2697 332 2742 242).
360 2700 551 2745 Specimen
577 2713 597 2734 e
622 2700 842 2746 paeninsula
856 2699 1044 2746 Malayica
1062 2704 1252 2745 acceptum
1279 2699 1326 2733 ab
1345 2698 1470 2733 indicis
1488 2697 1610 2732 differt
1626 2700 1772 2732 tantum

117 2757 253 2793 lunulis
279 2760 620 2805 submarginalibus
647 2760 810 2806 paginae
836 2759 1016 2794 inferioris
1054 2761 1196 2794 alarum
1235 2758 1457 2805 posticaruni
1483 2756 1773 2802 angustioribus,

119 2818 302 2854 obsoletis.

255 2876 334 2920 243).
361 2878 510 2914 Femina
548 2890 572 2914 a
608 2890 710 2915 mare
747 2879 869 2914 differt
910 2880 1029 2913 colore
1056 2877 1275 2924 pallidiore,
1314 2877 1466 2911 maculis
1504 2874 1771 2921 marginalibus

120 2937 262 2972 alarum
300 2939 504 2974 anticarum
548 2939 590 2974 iis
633 2940 771 2974 fasciae
803 2937 1024 2985 subapicalis
1063 2939 1281 2982 maculaque
1304 2936 1463 2970 ‘interna
1502 2935 1636 2981 (supra
1661 2935 1771 2968 etiam

119 2999 342 3044 apparente)
369 3001 483 3036 multo
509 3000 699 3037 latioribus
727 3000 914 3046 plagaque
940 2998 1163 3045 posticarum
1190 2996 1310 3042 magis
1336 2995 1479 3031 diffusa.
