2159 3521
301 362 355 403 78
983 381 1012 409 c.
1033 384 1057 409 ct
1076 381 1107 409 n.
1129 382 1267 411 selden

298 464 390 500 titer
416 464 556 508 fracta,
583 465 721 500 venula
748 462 1037 500 discocellularis
1074 464 1249 500 distincte
1275 467 1415 511 fracta,
1453 470 1622 516 superior
1648 467 1810 514 brevior,
1844 479 1954 514 quam

296 524 461 560 inferior.

434 582 518 626 ²²⁶).
543 583 724 630 Magnam
767 583 984 628 analogiam
1023 592 1105 616 cum
1143 582 1298 619 Aeo-aeis
1333 584 1554 631 quibusdam
1585 587 1621 622 in
1648 591 1779 624 eadem
1805 591 1957 636 regione

302 644 516 679 volantibus
544 656 577 679 e.
603 655 643 690 g.
675 642 921 686 Carmentide,
948 642 1100 677 Jodutta
1125 642 1252 677 habet.

433 700 513 746 22Ἴ).
540 704 686 738 Venula
725 701 1014 738 discocellularis
1055 701 1201 735 alarum
1239 701 1449 736 anticarum
1487 705 1604 739 multo
1642 706 1765 752 magis
1806 707 1956 753 obliqua

297 762 399 796 haud
426 763 564 804 fracta,
602 761 770 807 superior
812 763 929 796 multo
965 760 1124 806 longior,
1163 760 1317 795 inferior
1355 764 1597 798 subareuata.
1640 763 1784 799 Cellula
1809 767 1956 800 alarum

297 821 525 865 posticarum
562 821 721 867 longior.
764 821 950 855 Abdomen
989 819 1168 866 griseum,
1211 819 1310 855 vitta
1346 820 1496 861 dors-ali,
1536 821 1702 857 seriebus
1735 823 1828 858 binis
1854 827 1957 859 late-

297 881 440 916 ralibus
466 886 702 926 punctorum,
729 883 851 927 striga
876 880 1029 916 laterali
1067 881 1286 926 duabusque
1312 881 1546 915 ventralibus
1583 880 1803 928 interruptis
1828 883 1957 930 nigris.

431 939 511 984 ²²⁸³).
539 943 738 976 Antennae
764 946 910 985 tenues,
937 941 1000 974 sed
1028 940 1138 974 clava
1156 939 1222 977 vix
1239 943 1367 974 acuta.
1393 940 1517 985 Caput
1536 945 1574 975 et
1592 942 1729 976 collare
1747 941 1958 978 indistinete

297 999 422 1035 albido
461 1001 665 1034 maculata.
704 1001 898 1034 Abdomen
937 999 1127 1035 dimidium
1165 1000 1313 1033 alarum
1346 999 1577 1045 posticarum
1615 1000 1796 1047 marginis
1822 1001 1957 1036 interni

296 1070 474 1105 aequans,
515 1060 630 1097 valva
665 1059 767 1093 anali
802 1060 951 1094 obtusa.
989 1059 1086 1093 Alae
1124 1058 1271 1094 anticae
1308 1060 1533 1104 elongatae,
1568 1061 1704 1095 cellula
1742 1061 1821 1095 fere
1854 1065 1897 1095 ut
1922 1061 1958 1096 in

296 1118 470 1164 Zenobio,
497 1130 594 1155 vena
619 1125 747 1154 autem
774 1118 977 1154 subcostali
1016 1119 1136 1165 magis
1174 1122 1343 1160 arcuata,
1382 1120 1520 1155 venula
1545 1119 1817 1155 discocellulari
1844 1131 1959 1167 supe-

295 1178 392 1214 riore
417 1179 596 1225 longiore,
625 1191 736 1226 quam
764 1179 950 1223 inferiore,
976 1179 1079 1215 venis
1106 1179 1368 1214 discoidalibus
1405 1180 1522 1215 multo
1561 1180 1807 1226 longioribus,
1846 1192 1958 1228 quam

295 1237 331 1272 in
359 1239 523 1274 sectione
561 1239 671 1282 dicta,
712 1238 888 1274 inferiore
928 1250 1009 1273 cum
1052 1239 1167 1273 ramis
1209 1239 1388 1273 medianis
1431 1238 1576 1275 omnino
1615 1241 1812 1286 parallela.
1862 1241 1958 1274 Alae

295 1298 461 1342 posticae
487 1299 875 1344 repando-dentatae,
902 1300 1013 1334 dente
1040 1300 1087 1333 ad
1114 1309 1260 1333 ramum
1287 1299 1499 1333 medianum
1526 1299 1680 1334 tertium
1706 1304 1828 1344 acuto,
1866 1311 1958 1347 pro-

295 1357 448 1401 minulo,
475 1357 647 1403 margine
672 1358 815 1394 interno
842 1359 956 1393 maris
983 1359 1155 1394 distinete
1183 1358 1335 1405 plicato,
1363 1364 1469 1394 costa
1495 1360 1609 1395 multo
1635 1359 1821 1404 breviore,
1847 1371 1957 1406 quam

295 1416 332 1450 in
359 1416 531 1460 Zenobio,
560 1429 657 1452 vena
683 1418 888 1453 subcostali
914 1419 1036 1464 magis
1064 1419 1191 1453 fracta
1218 1420 1318 1465 apud
1346 1421 1438 1453 rami
1466 1418 1573 1465 primi
1600 1419 1793 1465 originem,
1820 1421 1959 1457 venula

295 1476 567 1512 discocellulari
594 1477 715 1524 magis
743 1482 908 1523 arrecta,
935 1479 1089 1524 regione
1123 1479 1224 1513 anali
1250 1478 1370 1512 minus
1398 1483 1573 1525 porrecta
1612 1479 1652 1521 (i.
1679 1492 1710 1513 e.
1737 1479 1851 1514 ramis
1877 1489 1959 1513 me-

295 1535 415 1568 dianis
455 1536 571 1570 multo
611 1536 875 1580 brevioribus).
925 1537 1199 1573 Praecedentes
1245 1537 1427 1574 sectiones
1466 1548 1548 1573 eum
1586 1539 1825 1584 sequentibus
1866 1550 1957 1573 con-

289 1594 455 1641 J‘ungere
481 1594 642 1631 videtur.

431 1652 513 1696 ²²⁹).
538 1657 738 1690 Antennae
777 1660 838 1691 sat
875 1657 1031 1703 longae,
1067 1661 1215 1701 tenues,
1254 1657 1363 1692 clava
1404 1662 1532 1693 acuta.
1570 1657 1717 1693 Collare
1756 1668 1871 1704 supra
1897 1657 1957 1691 in-

293 1713 469 1750 distinete
508 1714 740 1750 bivittatum.
784 1716 937 1751 Thorax
978 1717 1111 1751 subtus
1145 1716 1382 1762 sulphureus.
1433 1718 1628 1752 Abdomen
1666 1716 1957 1758 breviusculum,

293 1774 469 1820 pilosum,
508 1775 637 1821 strigis
676 1776 797 1810 tribus
836 1776 1085 1821 lateralibus,
1124 1777 1269 1811 duabus
1310 1777 1544 1812 ventralibus
1582 1777 1753 1823 vittaque
1794 1777 1957 1811 ventrali

295 1834 518 1879 sulphureis.
544 1835 669 1871 Valva
696 1836 817 1870 analis
844 1846 989 1870 marum
1015 1841 1058 1870 ut
1084 1835 1120 1870 in
1150 1835 1313 1870 sectione
1346 1837 1597 1883 praecedente
1635 1839 1698 1871 sed
1725 1836 1810 1882 plus
1837 1835 1957 1870 minus

294 1894 494 1939 sulphureo
521 1895 700 1931 colorata.
727 1896 823 1930 Alae
850 1897 1000 1930 anticae
1028 1900 1089 1930 sat
1107 1896 1322 1942 elongatae,
1348 1896 1516 1943 posticae
1535 1895 1794 1940 abbreviatae,
1821 1896 1957 1930 leviter

293 1953 663 1999 sinuato-dentatae,
697 1955 1148 2000 spathulato-caudatae,
1188 1957 1328 2001 angulo
1356 1955 1490 2001 apicali
1519 1957 1611 1990 bene
1639 1955 1817 2002 projecto.
1857 1955 1955 1989 Alae

293 2012 443 2046 anticae
471 2013 722 2059 angustiores,
749 2025 859 2060 quam
887 2015 922 2049 in
949 2014 1108 2049 sectione
1137 2016 1386 2060 praecedente
1423 2017 1446 2050 i.
1474 2027 1504 2050 e.
1532 2015 1626 2049 rami
1653 2016 1812 2050 mediani
1838 2016 1953 2048 multo

294 2074 484 2108 breviores
510 2078 549 2108 et
575 2075 697 2119 magis
724 2074 896 2108 deorsum
924 2073 1066 2109 directi.
1094 2075 1220 2109 Plicae
1247 2075 1443 2110 cellulares
1470 2085 1599 2108 earum
1626 2075 1756 2108 subtus
1783 2074 1954 2108 distincte

294 2133 533 2178 sulphureae.
559 2134 692 2167 Forma
721 2136 868 2168 alarum
909 2138 948 2167 et
986 2134 1182 2179 signatura
1208 2134 1372 2180 paginae
1398 2133 1598 2180 superioris
1624 2133 1824 2168 sectionem
1849 2134 1955 2169 XLII

295 2193 465 2238 paullum
506 2196 699 2237 revocant,
741 2192 905 2239 paginae
942 2198 1069 2228 autem
1105 2193 1290 2228 inferioris
1317 2193 1417 2228 color
1442 2192 1475 2228 ei
1501 2194 1667 2228 Demolei
1693 2197 1733 2227 et
1757 2192 1957 2228 Menesthea·

297 2251 461 2286 similior.

428 2309 512 2354 ²³⁰).
539 2312 636 2346 Alae
671 2311 819 2346 anticae
863 2317 967 2347 costa
1003 2317 1043 2346 et
1085 2313 1166 2347 ideo
1209 2323 1306 2348 vena
1343 2311 1471 2348 costali
1514 2317 1552 2347 et
1588 2311 1791 2346 subcostali
1817 2311 1954 2358 optimc

293 2371 474 2415 arcuatis,
500 2374 636 2408 venula
663 2372 931 2408 discocellulari
958 2377 1018 2407 sat
1043 2373 1211 2419 obliqua,
1251 2373 1364 2407 ramis
1403 2371 1584 2406 medianis
1622 2371 1756 2408 leviter
1782 2372 1953 2405 deorsum

294 2431 471 2465 arcuatis.
498 2433 595 2466 Alae
622 2431 786 2477 posticae
813 2433 935 2466 cauda
961 2431 1196 2475 brevissima,
1222 2433 1316 2468 bene
1343 2432 1576 2478 spathulata,
1602 2436 1736 2466 trunco
1753 2431 1953 2466 subcostali

294 2494 355 2523 sat
381 2490 508 2535 longo,
534 2490 671 2525 cellula
697 2491 890 2527 discoidali
916 2493 962 2526 de
989 2497 1138 2527 caetero
1166 2495 1206 2526 ut
1232 2492 1268 2526 in
1295 2492 1455 2527 sectione
1481 2491 1742 2536 praecedente.

428 2549 510 2594 ²³¹).
537 2552 633 2586 Alae
660 2551 807 2586 anticae
835 2557 939 2586 costa
972 2551 1007 2585 in
1035 2552 1183 2587 dimidio
1209 2551 1330 2586 basali
1356 2552 1456 2586 haud
1485 2561 1664 2594 convexa,
1699 2560 1796 2585 vena
1821 2547 1954 2584 costali

293 2613 330 2644 et
356 2610 558 2644 subcostali
598 2610 733 2646 ibidem
774 2612 870 2645 hano
909 2612 956 2646 ob
985 2622 1138 2646 causam
1164 2612 1263 2647 haud
1292 2613 1473 2655 arcuatis,
1511 2613 1649 2646 venula
1682 2607 1953 2645 discoecllulari

293 2670 408 2704 multo
436 2670 557 2715 magis
585 2676 749 2714 arrecta,
776 2672 868 2706 rami
896 2671 1055 2705 mediani
1083 2682 1212 2706 earum
1240 2671 1472 2707 strictissimi.
1512 2673 1608 2706 Alae
1642 2669 1806 2715 posticae
1832 2666 1954 2700 cauda

293 2729 479 2775 longiore,
519 2731 751 2774 augustiore,
790 2732 927 2766 cellula
953 2731 1135 2777 longiore,
1174 2731 1363 2767 dimidium
1391 2733 1476 2766 alae
1502 2730 1726 2775 attingente,
1752 2725 1953 2761 interstitio

292 2800 480 2823 ramorum
524 2790 788 2825 subcostalium
828 2791 1014 2837 longiore,
1059 2802 1170 2837 quam
1210 2796 1363 2825 truncus
1392 2789 1626 2833 subcostalis,
1665 2787 1801 2824 venula
1827 2785 1950 2819 disco-

293 2850 461 2885 cellulari
489 2850 662 2885 inferiore
688 2852 804 2886 multo
832 2852 953 2896 magis
981 2854 1140 2886 arrecta.

428 2908 511 2950 ²³³).
539 2911 734 2944 Antennae
773 2911 984 2953 validiores,
1025 2922 1133 2956 quam
1172 2911 1207 2944 in
1251 2910 1412 2945 sectione
1440 2908 1694 2955 praecedente.
1733 2906 1889 2950 Occiput
1915 2909 1952 2938 ct

293 2968 429 3002 thorax
457 2979 569 3011 supra
596 2971 719 3004 albido
748 2972 950 3014 maculata,
979 2971 1035 3006 liic
1067 2973 1195 3004 subtus
1224 2971 1308 3004 albo
1338 2971 1392 3004 vcl
1422 2969 1583 3004 obsoleto
1602 2966 1801 3010 sulphureo
1823 2973 1950 2997 macu-
