2159 3521
597 420 705 455 Specics
726 420 958 455 Lepid-wiciorum
981 423 1118 457 hucusque
1137 424 1295 458 descriptae.
1728 412 1775 450 71

126 506 320 553 longiores,
359 514 468 550 quam
511 502 546 536 in
574 503 734 538 sectione
760 504 874 538 XLII.
914 505 1060 541 Venula
1087 506 1369 542 discocellularis
1395 511 1609 544 earumdem
1636 511 1779 545 alarum

128 565 247 611 magis
273 565 409 598 fracta.
436 561 553 598 Sexus
581 563 615 596 in
643 562 826 597 coloribus
852 568 890 597 et
916 564 1120 609 signaturis
1146 566 1255 600 valde
1281 565 1423 602 diversi.

264 622 343 665 ¹⁷⁷).
373 621 514 655 Cellula
546 620 755 656 discoidalis
782 623 925 656 alarum
953 623 1157 658 amicarum
1192 624 1227 658 in
1272 626 1436 669 pluribus
1475 630 1534 661 sat
1561 633 1780 673 angustata.

126 685 232 720 Vena
257 681 430 716 mediana
455 692 584 714 earum
610 680 752 716 stricta.
781 681 876 715 Alae
904 682 1069 727 posticae
1097 682 1138 716 iis
1165 683 1337 718 sectionis
1362 685 1466 719 XLII
1493 687 1706 722 conformes.

267 739 347 783 ¹⁷³).
373 742 470 775 Alae
505 739 653 774 anticae
680 739 881 785 longiores,
910 741 1014 785 apice
1041 741 1159 786 magis
1184 742 1374 787 producto,
1392 744 1554 789 posticae
1573 745 1609 779 in
1627 746 1781 791 regione

127 801 251 835 antica
288 800 486 846 longiores,
526 799 562 833 in
594 798 746 844 regione
787 798 885 833 anali
923 803 1050 832 autem
1089 799 1187 833 haud
1217 805 1433 846 productae.
1477 805 1581 839 Vena
1606 805 1782 839 mediana

128 861 273 894 alarum
302 860 511 894 anticarum
537 859 705 904 paullum
733 869 876 893 sursum
902 859 1014 894 fiexa.
1052 861 1218 894 Truncus
1245 862 1461 896 subcostalis
1489 863 1632 898 alarum
1662 865 1782 910 posti-

128 930 256 953 carum
299 919 416 953 multo
452 917 610 958 brevior,
645 916 889 952 interstitium
928 928 1116 952 ramorum
1154 920 1417 954 subcostalium
1445 922 1637 956 deflexum.
1688 925 1782 957 Alae

128 979 295 1024 posticae
320 978 502 1024 profunde
528 978 915 1023 repando-dentatae,
942 977 1114 1012 dentibus
1133 978 1367 1023 acutissimis,
1394 982 1513 1015 cauda
1538 989 1780 1028 perangusta.

129 1039 288 1074 Statura
314 1038 429 1071 multo
456 1036 653 1073 robustior.
680 1035 832 1071 Femina
857 1036 893 1070 in
920 1037 1063 1072 duabus
1090 1037 1231 1073 formis.

265 1094 347 1139 ¹⁷⁹).
374 1097 520 1131 Collare
554 1107 668 1142 supra
694 1100 732 1130 et
750 1097 890 1130 thorax
908 1098 1040 1131 subtus
1058 1098 1169 1132 rubro
1189 1099 1390 1132 maculata.
1417 1099 1609 1134 Abdomen
1628 1101 1785 1143 fuscum,

129 1154 282 1190 maculis
320 1155 510 1190 basalibus
546 1155 835 1190 rubricantibus.
895 1157 991 1191 Alae
1039 1156 1187 1191 anticae
1237 1158 1474 1202 angustiores
1512 1163 1551 1192 et
1588 1160 1785 1201 breviores,

129 1214 293 1259 posticae
320 1214 356 1249 in
382 1215 534 1260 regione
561 1215 661 1249 anali
686 1217 767 1260 plus
793 1215 910 1250 minus
936 1216 1154 1260 productae,
1172 1218 1556 1262 repando-dentatae,
1575 1219 1785 1265 saepissime

129 1274 339 1308 ecaudatae
364 1279 404 1308 et
431 1274 603 1308 dentibus
629 1273 783 1318 obtusis,
810 1276 947 1309 venula
973 1274 1239 1310 discocellulari
1268 1276 1440 1311 inferiore
1468 1278 1648 1322 breviore,
1675 1292 1784 1326 quam

130 1332 368 1368 interstitium
395 1333 489 1368 rami
516 1332 675 1368 mediani
702 1334 851 1368 secundi
879 1337 915 1368 et
942 1334 1052 1369 tertii.
1080 1336 1198 1371 Sexus
1226 1336 1442 1371 conformes.
1469 1337 1596 1373 Facies
1615 1339 1783 1374 sectionis

129 1392 166 1427 X
192 1397 231 1428 et
256 1392 431 1427 affinium.

268 1450 347 1495 ΗΟ).
374 1454 458 1487 Duo
491 1451 692 1497 specimina
718 1452 825 1487 Dom.
854 1452 1027 1500 Lindig
1053 1466 1102 1489 ex
1132 1454 1298 1490 Andibus
1337 1455 1533 1501 bogotanis
1565 1456 1781 1501 reportavit.

130 1513 164 1545 A
191 1511 382 1547 boliviensi
421 1513 521 1557 apud
560 1513 603 1546 cl.
646 1513 768 1559 Gray
810 1514 997 1548 illustrato
1041 1513 1255 1557 discrepant
1290 1515 1442 1549 maculis
1481 1514 1599 1549 tribus
1642 1515 1784 1549 alarum

130 1572 355 1617 posticarum
388 1571 545 1605 cellulae
583 1572 698 1606 multo
737 1571 857 1618 magis
899 1572 1191 1619 approximatis,
1232 1572 1350 1618 prima
1386 1572 1550 1619 integra,
1593 1574 1704 1608 dente
1739 1575 1786 1608 ad

130 1642 275 1665 ramum
314 1620 536 1665 medianum¹
562 1631 714 1665 tertium
753 1631 823 1665 sito
860 1631 1037 1676 longiore.
1087 1632 1127 1665 In
1165 1643 1235 1665 uno
1272 1632 1466 1678 specimine
1505 1644 1618 1678 supra
1655 1633 1690 1667 in
1718 1634 1786 1668 alis

134 1689 281 1734 posticis
307 1692 455 1724 macula
480 1690 704 1736 subapicalis
732 1690 828 1726 infra
854 1702 985 1727 venam
1018 1692 1192 1725 costalem
1228 1692 1518 1727 ochraceo-alba
1556 1694 1785 1729 observatur.

133 1750 263 1785 Cauda
299 1750 410 1794 hujus
448 1750 592 1796 longior
633 1753 669 1784 et
695 1751 813 1784 multo
841 1750 1047 1795 angustior.
1076 1753 1117 1785 In
1143 1750 1285 1796 pagina
1311 1750 1484 1785 inferiore
1511 1754 1654 1786 alarum
1682 1753 1784 1786 anti-

133 1818 261 1842 carum
299 1811 466 1844 maculae
500 1810 596 1843 duae
632 1809 837 1843 atomarIae
879 1809 1122 1855 grisescentes
1158 1811 1255 1845 inter
1302 1820 1425 1844 ramos
1462 1811 1647 1846 medianos
1691 1812 1786 1846 toti-

130 1867 287 1912 demque
315 1869 411 1913 apud
439 1870 619 1913 angulum
651 1868 833 1903 internum
853 1869 1136 1915 conspiciuntur.
1164 1869 1335 1903 Maculae
1353 1872 1427 1903 tres
1445 1870 1622 1915 primores
1640 1871 1785 1905 alarum

130 1927 359 1970 posticarum
395 1931 434 1961 et
476 1929 645 1962 maculae
685 1929 812 1963 anales
854 1940 1020 1974 grossae.
1062 1929 1100 1963 In
1139 1930 1258 1964 altero
1297 1928 1494 1974 specimine
1529 1931 1612 1964 alae
1638 1931 1785 1965 anticae

129 1995 242 2031 supra
268 1985 302 2018 in
329 1986 426 2020 disco
453 1987 618 2022 maculas
647 1988 738 2022 duas
765 1987 964 2023 atomarias
991 1989 1190 2024 ocliraceas
1215 1988 1367 2032 habent,
1393 1988 1551 2034 primam
1579 1988 1614 2022 in
1640 1989 1787 2034 cellula,

129 2046 329 2081 secundam
355 2046 452 2081 inter
475 2057 621 2080 ramum
647 2047 859 2081 medianum
887 2049 1086 2082 secundum
1113 2052 1152 2082 et
1177 2048 1340 2083 tertium.
1382 2049 1421 2082 In
1462 2050 1590 2082 eodem
1616 2049 1787 2083 maculae

130 2109 204 2140 tres
232 2107 374 2140 alarum
402 2106 629 2152 posticarum
654 2107 803 2141 latiores
830 2110 914 2142 sunt
952 2111 988 2142 et
1020 2108 1191 2143 cellulam
1230 2107 1434 2153 attingunt.
1478 2111 1577 2142 Ante
1603 2109 1786 2143 maculam

131 2164 287 2210 primam
341 2166 455 2200 atomi
499 2169 709 2201 concolores
762 2171 959 2213 apparent.
1017 2166 1164 2212 Pagina
1206 2166 1359 2202 inferior
1400 2169 1543 2203 alarum
1580 2167 1787 2203 anticorum

132 2224 323 2259 fasciolam
351 2224 525 2260 discalem
551 2225 796 2271 irregularem
824 2225 1056 2271 tripartitam
1082 2226 1451 2271 griseo-ochraceam
1478 2229 1649 2273 praebet.

272 2282 350 2326 ¹3¹).
377 2286 575 2318 Antennae
602 2284 637 2318 in
665 2288 810 2319 clavam
838 2288 1039 2330 angustam
1066 2285 1194 2320 sensim
1223 2285 1469 2331 incrassatae,
1506 2287 1585 2321 basi
1613 2291 1785 2331 excepta,

133 2343 308 2376 ocliraceo
336 2344 535 2378 coloratae.
563 2343 684 2388 Caput
709 2349 747 2378 et
775 2345 913 2378 collare
940 2346 1025 2379 albo
1052 2347 1246 2380 maculata.
1286 2345 1438 2380 Thorax
1464 2345 1616 2380 maculis
1643 2346 1787 2380 duabus

133 2401 318 2437 ocliraceis
344 2402 600 2448 scapularibus
626 2402 818 2448 strigaque
845 2403 980 2439 dorsali
1007 2405 1210 2446 concolore,
1238 2406 1364 2439 subtus
1391 2404 1515 2439 fasciis
1541 2404 1657 2439 tribus
1686 2405 1787 2437 late-

132 2460 272 2496 ralibus
314 2461 510 2497 ochraceis.
557 2463 749 2496 Abdomen
788 2463 869 2497 alas
903 2464 1064 2508 posticas
1104 2464 1358 2508 subaequans,
1411 2465 1621 2507 robustum,
1661 2462 1786 2497 fasciis

134 2521 353 2555 lateralibus
388 2521 538 2567 perlatis
570 2521 604 2555 in
643 2522 794 2566 regione
838 2522 998 2557 ventrali
1037 2522 1179 2568 postica
1211 2524 1293 2567 plus
1329 2523 1446 2557 minus
1480 2523 1642 2557 conssuis.
1694 2523 1789 2556 Alae

134 2581 349 2626 elongatae,
393 2582 514 2615 colore
551 2586 588 2615 et
625 2582 827 2627 signaturis
854 2582 1135 2616 IIcliconc'orzmn
1162 2586 1200 2616 et
1225 2582 1502 2616 Dauuidurum
1529 2585 1787 2628 quarumdam.

136 2640 232 2674 Alae
276 2641 424 2675 anticae
464 2640 633 2685 margine
661 2641 806 2675 interno
827 2640 1146 2685 jubam—pilosae,
1186 2641 1321 2674 cellula
1347 2641 1533 2675 disi-oidali
1562 2642 1655 2684 lata,
1681 2640 1790 2674 dimi-

135 2700 235 2734 dium
263 2701 348 2734 alae
375 2704 575 2745 aequante,
603 2712 700 2735 vena
726 2700 927 2734 subcostali
956 2699 1094 2733 modice
1123 2704 1292 2743 arcuata,
1322 2710 1422 2733 ramo
1457 2700 1535 2743 ejus
1562 2700 1671 2735 tertio
1700 2705 1788 2734 ante,

135 2760 294 2794 cellulae
333 2760 511 2795 extimum
550 2760 788 2806 egrediente,
826 2771 921 2795 vena
960 2759 1137 2804 primarIa
1174 2772 1267 2805 pone
1295 2760 1390 2793 illlus
1417 2760 1593 2805 originem
1621 2761 1788 2805 paullum

136 2819 276 2865 fracta,
314 2824 357 2854 ut
394 2819 429 2852 in
472 2819 634 2854 sectione
673 2822 715 2863 I,
755 2830 856 2853 ramo
897 2825 1031 2864 quarto
1074 2823 1113 2852 et
1156 2819 1282 2864 quinto
1322 2820 1459 2864 petiolo
1495 2820 1607 2865 longo
1635 2820 1788 2860 emissis,

136 2878 274 2913 venula
313 2879 580 2913 disc-ocellulari
617 2879 764 2913 sortiter
802 2881 950 2922 fracta,
989 2879 1176 2923 superiore
1214 2879 1469 2923 strictissima,
1523 2886 1582 2914 sat
1625 2880 1788 2925 obliqua,

138 2937 310 2972 inferiore
343 2937 536 2983 longiore,
577 2939 780 2982 paullulum
823 2945 1002 2980 arenam,
1048 2950 1141 2972 vena
1175 2939 1361 2972 ‹liscoidali
1396 2944 1434 2973 et
1478 2951 1577 2975 ramo
1617 2939 1787 2974 mediano

140 2996 269 3030 ultimo
296 2998 391 3033 bene
418 3002 559 3032 remoto
589 2999 792 3042 paullulum
819 2998 995 3043 arcuatis,
1023 2997 1132 3033 ramis
1160 2998 1337 3033 medianis
1364 2998 1459 3037 inter
1485 3010 1522 3034 se
1550 2999 1630 3035 sere
1657 2998 1788 3043 aequi—
