2159 3521
336 385 389 422 68
1023 402 1053 430 C.
1073 405 1099 429 et
1116 401 1147 429 R.
1168 402 1297 430 Felder:

473 482 548 527 ¹⁶⁰),
584 489 780 518 Antennae
807 487 868 518 sat
892 484 1086 529 robustae,
1113 485 1222 522 clava
1248 487 1443 532 elongata,
1471 493 1642 524 arcuata.
1674 489 1831 535 Oociput
1855 490 1989 526 flavido

336 544 712 590 quadrimaeulatum.
758 545 818 578 Ab
858 555 901 579 eo
933 543 1051 589 juxta
1076 546 1248 591 scapulas
1275 547 1371 581 duae
1405 547 1528 584 vittae
1559 548 1798 585 flavescentes
1824 554 1993 585 currunt.

334 605 527 638 Abdomen
553 603 714 648 brevius,
756 614 867 650 quam
900 603 935 638 in
970 604 1132 639 sectione
1157 606 1398 650 paenultima,
1438 617 1552 653 supra
1591 618 1672 642 eum
1697 610 1852 643 thorace
1877 610 1990 645 dense

333 663 534 709 sulphureo
561 673 765 708 aspersum,
792 663 892 698 vitta
917 664 999 698 lata
1024 664 1191 709 laterali,
1218 665 1340 712 striga
1365 665 1464 700 infra
1482 677 1565 700 eam
1583 666 1752 714 vittaque
1771 669 1990 714 angustiore

334 723 496 757 ventrali
529 722 730 757 ochi-aceis.
771 723 894 758 Valva
926 723 1046 759 analis
1090 734 1236 758 marum
1269 726 1387 759 multo
1414 725 1541 768 latior,
1579 728 1641 761 sed
1667 727 1782 761 etiam
1808 728 1989 773 obtusior,

335 793 445 828 quam
487 781 523 816 in
555 781 718 817 sectione
749 781 795 816 P.
820 783 1028 818 dissimilis.
1062 784 1214 819 Thorax
1252 785 1383 819 subtus
1418 784 1544 820 fasciis
1569 786 1656 820 latis
1681 786 1883 830 ocliraceis,
1907 798 1989 821 eum

332 842 374 876 iis
400 843 547 876 alarum
573 841 768 887 contiguis.
805 842 900 878 Alae
927 844 1075 878 antieae
1102 845 1218 879 multo
1245 844 1363 879 minus
1390 845 1607 890 elongatae,
1645 856 1742 881 vena
1767 846 1988 881 subeostalis

332 911 461 935 earum
498 912 594 947 pone
634 901 728 936 rami
768 903 919 937 secundi
961 903 1143 950 originem
1181 908 1242 938 sat
1280 908 1452 949 arcuata,
1491 905 1554 939 sed
1581 916 1653 938 non
1678 905 1815 940 fracta.
1842 908 1989 943 Venula

333 960 623 996 diseoeellularis
665 965 726 997 sat
768 974 954 1005 convexa,
989 964 1163 999 distinete
1202 965 1345 1009 fracta,
1382 964 1418 999 in
1450 964 1570 1000 medio
1595 975 1728 1001 venam
1753 964 1988 1001 diseoidalem

332 1019 557 1065 superiorem
593 1021 777 1056 emittens.
819 1023 958 1058 Ramus
1000 1024 1191 1060 medianus
1230 1024 1365 1061 tertius
1403 1028 1442 1058 et
1478 1036 1575 1060 vena
1602 1023 1810 1060 diseoidalis
1836 1024 1988 1059 inferior

330 1081 446 1114 multo
480 1081 680 1126 longiores,
717 1093 827 1128 quam
865 1083 900 1117 in
927 1084 1149 1119 sectionibus
1188 1089 1329 1130 septem
1373 1084 1635 1120 anterioribus.
1677 1085 1836 1119 Alarum
1873 1083 1988 1128 posti-

331 1149 460 1173 carum
493 1140 629 1174 cellula
667 1143 807 1187 absque
842 1143 946 1188 plicis
985 1144 1170 1184 coloratis,
1210 1144 1289 1178 fere
1314 1147 1357 1178 ut
1382 1143 1417 1178 in
1444 1144 1605 1179 sectione
1631 1145 1881 1190 praecedente
1905 1143 1988 1178 for-

330 1202 453 1243 mata,
493 1200 556 1234 sed
595 1211 692 1234 vena
717 1202 936 1236 subeostalis
963 1204 1063 1248 apud
1089 1203 1271 1250 originem
1302 1203 1397 1238 rami
1422 1204 1531 1250 primi
1556 1205 1673 1238 multo
1700 1203 1822 1249 magis
1848 1203 1989 1246 fracta,

328 1256 388 1290 hie
423 1257 500 1303 ipse
541 1270 564 1293 a
601 1259 680 1293 basi
716 1260 799 1294 alae
841 1261 959 1297 minus
990 1267 1179 1307 remotus,
1217 1263 1460 1298 interstitium
1501 1274 1689 1298 ramorum
1722 1262 1988 1297 subeostalium

331 1318 543 1361 paullulum
569 1320 764 1364 deflexum,
791 1332 888 1357 vena
914 1322 1087 1358 mediana
1112 1322 1232 1358 minus
1259 1325 1431 1359 deorsum
1455 1325 1566 1359 flexa.
1608 1322 1716 1358 Sinus
1749 1322 1867 1358 analis
1893 1323 1987 1356 bene

330 1376 538 1413 distinctus.
564 1378 716 1414 Macula
741 1391 882 1426 magna
908 1382 1026 1417 analis
1053 1383 1226 1419 ocellata.

460 1438 530 1472 Hie
554 1439 781 1474 machaonis
808 1441 938 1477 affines
965 1442 1156 1489 incipiunt.

470 1496 550 1541 ¹⁶¹).
575 1500 671 1534 Alae
709 1500 874 1545 posticae
912 1501 1284 1546 sinuato-dentatae,
1329 1504 1442 1538 dente
1488 1504 1536 1538 ad
1586 1514 1731 1537 ramum
1773 1502 1986 1538 medianum

327 1556 481 1592 tertium
519 1558 737 1603 prominulo.
778 1560 922 1594 Cellula
959 1564 1106 1596 alarum
1131 1563 1359 1608 posticarum
1385 1563 1545 1597 medium
1572 1563 1656 1597 alae
1681 1573 1752 1596 non
1778 1561 1985 1607 attingens.

463 1615 543 1660 162).
571 1618 623 1652 Cf.
650 1618 829 1653 Hutton
856 1620 1050 1655 Transact.
1077 1622 1118 1655 of
1140 1622 1205 1657 the
1232 1626 1305 1656 ent.
1334 1622 1412 1657 Soe.
1440 1624 1483 1658 V.
1509 1635 1545 1668 p.
1573 1623 1630 1657 48.

470 1675 549 1719 168).
577 1678 674 1711 Alae
710 1679 875 1724 posticae
912 1681 1027 1716 levius
1065 1684 1268 1725 dentatae,
1317 1683 1627 1716 subrotundatae.
1677 1680 1821 1716 Cellula
1856 1692 1985 1715 earum

328 1736 536 1771 discoidalis
576 1738 786 1782 angustior,
828 1750 944 1784 usque
981 1741 1029 1773 ad
1069 1741 1229 1775 medium
1269 1742 1352 1776 alae
1377 1746 1549 1787 extensa,
1583 1746 1736 1775 truncus
1763 1740 1985 1774 suboostaIIS

326 1795 477 1831 brevior
502 1800 541 1831 et
567 1796 809 1832 interstitium
836 1809 1024 1833 ramorum
1051 1800 1318 1835 subcostalium
1344 1804 1462 1835 multo
1488 1800 1648 1846 longius.
1674 1800 1808 1845 Margo
1836 1799 1985 1833 costalis

327 1865 457 1889 earum
495 1856 655 1901 longior,
694 1868 803 1902 quam
842 1858 877 1891 in
905 1859 1085 1905 Demoleo,
1120 1860 1223 1907 regio
1258 1861 1376 1895 analis
1402 1871 1489 1896 vero
1517 1863 1634 1895 multo
1660 1859 1778 1893 minus
1804 1859 1987 1904 producta

327 1914 367 1956 (i.
408 1927 438 1949 e.
483 1926 579 1951 vena
623 1917 773 1951 costalis
814 1918 960 1965 longior
1011 1925 1049 1953 et
1099 1919 1193 1953 rami
1232 1931 1351 1955 venae
1390 1920 1585 1955 medianae
1627 1931 1794 1966 venaque
1837 1919 1985 1955 interna

324 1974 544 2017 breviores).

466 2032 544 2077 ¹⁰³).
578 2039 776 2070 Antennae
819 2042 878 2071 sat
918 2038 1096 2083 graciles,
1133 2039 1170 2072 in
1203 2040 1348 2075 clavam
1373 2040 1603 2085 elongatam,
1631 2043 1826 2075 arcuatam
1853 2040 1983 2075 sensim

326 2084 599 2138 transeuntes,
629 2097 812 2130 abdomen
850 2097 966 2130 inulto
1001 2098 1167 2142 brevius,
1206 2099 1402 2144 gracilius,
1448 2110 1559 2144 quam
1597 2099 1633 2133 in
1670 2099 1833 2133 sectione
1869 2109 1984 2142 prae-

327 2153 494 2187 cedente,
522 2155 644 2191 Valva
670 2156 787 2190 analis
815 2157 1021 2192 masculina
1047 2159 1242 2204 angustior
1269 2163 1307 2192 et
1334 2162 1450 2193 multo
1479 2159 1660 2200 obtusior,
1699 2159 1835 2193 venula
1861 2158 1983 2193 disco—

327 2212 511 2247 cellularis
539 2215 684 2248 alarum
712 2216 922 2249 anticarum
950 2218 1117 2262 superior
1143 2220 1258 2252 multo
1286 2219 1407 2264 magis
1434 2224 1598 2263 arrecta,
1633 2219 1790 2252 cellulae
1815 2217 1910 2251 hano
1938 2218 1983 2251 ob

326 2283 405 2307 rem
432 2277 572 2319 angulo
600 2275 790 2320 superiore
818 2276 938 2321 magis
967 2279 1159 2322 producto,
1187 2289 1296 2323 quam
1334 2278 1370 2311 in
1398 2279 1558 2313 sectione
1589 2277 1722 2324 priore.
1761 2278 1866 2312 Vena
1893 2277 1985 2310 sub-

326 2334 475 2368 costalis
502 2334 682 2379 primaria
708 2348 802 2381 pone
829 2337 921 2371 rami
948 2337 1096 2371 secundi
1123 2338 1304 2383 originem
1331 2337 1450 2373 minus
1484 2343 1654 2372 arcuata.
1698 2338 1793 2372 Alae
1819 2336 1984 2383 posticae

326 2404 471 2438 semper
518 2396 726 2439 caudalae,
781 2396 985 2431 interstitio
1036 2408 1224 2431 ramorum
1278 2397 1544 2433 subc-ostalium
1591 2398 1801 2438 strictiore,
1852 2397 1985 2431 cellula

325 2453 513 2487 discoidali
553 2457 637 2489 alae
676 2456 836 2489 inedium
876 2458 976 2490 haud
1010 2457 1262 2503 pertingente.
1309 2461 1405 2492 Alae
1442 2458 1608 2502 posticae
1640 2457 1774 2494 leviter
1813 2456 1984 2490 sinuato-

325 2514 519 2557 (lentatae,
546 2515 681 2550 lunulis
714 2516 745 2549 in
773 2517 922 2551 sinubus
940 2517 1120 2562 marginis
1144 2517 1224 2563 plus
1244 2517 1361 2553 minus
1380 2518 1561 2552 dilatatis.
1587 2517 1715 2552 Cauda
1734 2517 1985 2558 immaculata,

326 2574 409 2618 plus
437 2574 554 2608 minus
581 2575 800 2611 lanceolata.
840 2579 1096 2611 Antennarum
1132 2579 1239 2613 clava
1266 2577 1409 2612 omnino
1435 2577 1556 2623 nigra.
1600 2576 1755 2622 Occiput
1781 2580 1820 2610 et
1846 2576 1983 2609 collare

326 2634 478 2667 maculis
506 2636 592 2669 rufis
619 2638 676 2670 vel
703 2636 857 2672 flavidis.
885 2638 1079 2671 Abdomen
1106 2636 1281 2672 unicolor.

465 2692 542 2736 ¹⁰³).
571 2695 714 2730 Collare
742 2696 908 2741 longius,
936 2708 1046 2742 quam
1073 2697 1108 2730 in
1135 2696 1296 2731 sectione
1322 2696 1460 2742 priore,
1494 2695 1550 2730 cui
1577 2696 1688 2731 valde
1709 2692 1842 2729 affinis.
1887 2694 1982 2728 Alae

326 2751 492 2796 posticae
519 2760 630 2788 acute
655 2757 1043 2800 repando-dentatae,
1071 2757 1217 2801 longius
1245 2758 1441 2798 calidulae,
1470 2756 1589 2790 cauda
1615 2754 1889 2800 subaequilata,
1924 2761 1982 2786 sat

325 2812 439 2856 longa
466 2814 523 2847 vel
551 2814 725 2858 dilatata,
753 2816 1058 2860 311113111111111111111,
1085 2816 1167 2850 sinu
1192 2816 1290 2850 anali
1313 2815 1565 2861 profundiore.
1591 2814 1848 2849 Antennarum
1876 2813 1982 2846 clava

326 2872 407 2915 plus
449 2884 555 2917 quani
593 2874 741 2907 dimidio
775 2875 892 2910 basali
933 2876 1177 2911 fulvescente.
1216 2876 1347 2911 Vittae
1383 2877 1479 2910 duae
1518 2878 1732 2918 angustae,
1780 2872 1982 2905 ochraceo-

326 2932 443 2966 flavae
477 2932 593 2975 ¹juxta
631 2936 801 2979 scapulas
836 2938 937 2971 ultra
974 2936 1135 2970 frontem
1163 2937 1309 2969 ductae.
1348 2935 1541 2969 Abdomen
1568 2932 1751 2967 lateribus
1777 2935 1981 2976 ventreque

328 2993 526 3027 ochi-accis.
566 2994 702 3030 Bauius
747 3000 901 3041 (1111111113-
942 3000 979 3030 et
1007 2997 1156 3041 quintus
1183 2995 1401 3031 subrostalis
1428 2995 1571 3030 alarum
1600 2993 1808 3029 anticaruni
1834 2990 1980 3035 longius
