2159 3521
617 407 727 442 Species
747 408 981 443 Lepidoptcrorum
1001 409 1138 444 hucusque
1157 409 1313 444 descriptae.
1739 397 1790 434 75

276 489 360 535 ²⁰³).
387 491 531 537 Sphyro
559 492 666 526 valde
691 491 831 535 similis,
855 495 918 526 sed
947 492 1159 539 discrepans
1184 493 1252 528 alis
1278 493 1400 529 adhuc
1426 494 1652 530 brevioribus
1678 496 1792 540 posti—

143 551 265 597 cisque
298 551 333 585 in
359 549 512 595 regione
544 550 641 585 anali
670 551 785 596 magis
812 552 1008 596 productis.
1036 552 1226 598 Specimen
1253 553 1492 587 masculinum
1517 552 1551 586 in
1578 554 1793 588 collectione

141 612 319 645 habemus
355 608 520 644 incertae
560 609 724 655 originis,
765 611 859 656 quod
900 612 1038 646 caudas
1078 613 1185 646 valde
1224 612 1459 647 abbreviatas
1498 613 1619 658 gerit,
1659 613 1794 648 fascias

142 679 321 715 supernas
345 668 382 703 in
410 669 680 704 sulvescentem
707 671 861 705 colorem
888 674 1100 716 vergentes,
1127 672 1207 706 alas
1233 671 1374 706 anticas
1391 671 1496 717 apice
1513 672 1627 706 multo
1645 672 1795 708 latiores

140 733 178 763 et
203 728 320 764 minus
360 729 571 774 productas,
610 729 782 774 margine
825 734 982 765 externo
1021 734 1140 765 rectas
1166 736 1205 766 et
1231 730 1391 776 posticas
1416 731 1598 768 levissime
1625 731 1795 766 sinuato-

141 788 314 822 dentatas
344 788 478 831 (levius
505 789 663 834 quidem,
692 800 802 834 quam
828 789 862 822 in
890 789 1128 834 Ilospitone).

275 845 356 891 204).
383 847 533 883 Minime
560 848 727 883 varietas
752 847 797 883 P.
824 848 1060 892 Machaonas,
1087 854 1129 884 ut
1155 851 1262 884 Doni.
1285 850 1601 895 Weidemeyer
1627 850 1729 885 l'roc.
1756 851 1798 884 of

138 909 202 942 the
227 911 302 942 ent.
331 907 409 942 Soc.
436 907 478 942 of
498 907 643 942 Philad.
669 907 751 942 Vol.
779 908 806 942 Ι.
834 920 867 952 p.
897 907 962 943 149
990 907 1116 942 voluit.
1145 908 1360 944 Abdominis
1387 909 1486 943 color
1506 909 1586 954 jam
1613 910 1794 952 diversus,

138 966 234 1001 vitta
270 966 444 1002 ventralis
477 967 658 1001 ochracea
690 966 784 1001 enim
822 967 930 1002 abest
959 970 997 1001 et
1028 967 1139 1002 valva
1163 967 1282 1002 analis
1309 967 1419 1014 nigra
1444 972 1612 1014 apparet.
1640 970 1793 1002 Alarum

139 1025 259 1060 forma
285 1026 421 1060 aliena.
448 1025 593 1060 Cellula
617 1026 762 1060 alarum
788 1026 1014 1071 posticarum
1039 1026 1247 1072 angustior.

273 1085 329 1119 De
369 1082 627 1119 distributione
663 1084 922 1131 geographica
959 1086 1005 1120 cf.
1045 1085 1367 1131 Weidemeyer
1403 1085 1428 1120 1.
1462 1099 1494 1121 c.
1520 1098 1554 1131 p.
1582 1087 1662 1120 148.
1688 1086 1794 1121 Doni.

142 1144 268 1179 Koch
306 1142 445 1189 Geogr.
481 1143 698 1189 Verbreitg.
732 1144 799 1178 der
831 1156 956 1191 europ.
995 1145 1174 1181 Schmett.
1214 1145 1251 1180 in
1282 1146 1366 1179 and.
1405 1145 1648 1180 Wclttheilen
1688 1158 1722 1190 p.
1749 1146 1793 1180 32

137 1203 344 1250 speciminis
368 1201 591 1238 fllaclzaonis
617 1207 662 1239 ad
694 1204 727 1239 fl.
754 1204 902 1240 Missuri
930 1204 1027 1250 capti
1054 1204 1273 1240 mentionem
1301 1204 1402 1241 facit).
1428 1207 1602 1241 Fortasse
1627 1205 1673 1238 ad
1701 1206 1794 1240 lianc

137 1262 297 1308 speciem
322 1262 558 1298 referendum
586 1266 653 1298 est.

272 1320 355 1364 ²⁰⁵).
380 1321 495 1357 clava
521 1326 765 1358 antennarum
794 1323 918 1368 paullo
938 1322 1144 1369 angustior,
1171 1333 1280 1368 quam
1298 1322 1333 1358 in
1352 1324 1582 1360 subsectione
1597 1324 1791 1359 anteriore.

138 1379 280 1416 Venula
306 1381 592 1417 discocellularis
617 1382 762 1417 alarum
787 1382 992 1418 anticarum
1018 1382 1206 1428 obliquior.
1233 1383 1370 1417 Ramus
1397 1384 1615 1419 subeostalis
1641 1387 1792 1429 quartus

137 1443 174 1474 et
199 1441 348 1487 quintus
380 1451 400 1473 e
439 1441 576 1486 petiole
615 1442 731 1476 multo
770 1442 939 1487 longiore
979 1441 1111 1477 emissi.
1148 1442 1255 1476 Rami
1287 1441 1447 1476 mediani
1482 1453 1608 1477 earum
1647 1442 1791 1486 deflexi,

136 1503 316 1535 secundus
355 1504 393 1534 et
431 1500 562 1534 tertius
599 1501 647 1534 ad
674 1500 778 1535 basin
806 1500 926 1546 magis
952 1504 1231 1546 convergentcs.
1256 1501 1350 1535 Alae
1380 1502 1543 1547 posticae
1569 1512 1679 1546 saepe
1706 1502 1792 1535 bre-

134 1559 281 1594 vissime
307 1560 507 1604 caudatam,
531 1560 669 1594 venula
694 1559 965 1594 discocellulari
991 1561 1191 1606 superiore,
1216 1563 1258 1593 ut
1285 1559 1318 1593 in
1345 1559 1577 1595 subsectionc
1602 1562 1650 1603 A,
1678 1560 1791 1593 multo

134 1617 358 1664 obliquiore‚
399 1628 508 1664 quam
551 1617 588 1652 in
627 1618 859 1653 subsectione
894 1620 1152 1664 praecedente.
1198 1619 1352 1664 Occiput,
1389 1620 1482 1654 flavo
1516 1618 1791 1653 bimaculatum.

135 1676 285 1712 Thorax
309 1677 470 1712 fasciolis
496 1677 591 1712 binis
617 1677 873 1724 scapularibus
897 1677 1015 1713 flavis.
1041 1679 1230 1714 Abdomen
1257 1677 1411 1713 maculis
1425 1678 1640 1715 lateralibus
1660 1681 1791 1712 rotun-

134 1736 230 1772 datis
256 1736 444 1772 biseliatis
469 1736 731 1773 concoloribus.

269 1795 351 1839 ²⁰⁶).
375 1797 483 1832 Rami
510 1797 581 1831 duo
607 1798 784 1841 primores
810 1798 1037 1832 subcostales
1062 1798 1204 1832 alarum
1233 1796 1441 1831 anticarum
1478 1800 1536 1831 sat
1562 1798 1669 1842 longe
1696 1796 1791 1832 inter

136 1867 175 1890 se
201 1856 392 1900 distantes,
419 1867 514 1892 vena
538 1856 757 1892 subcostalis
782 1856 961 1902 primaria
988 1860 1086 1902 apud
1115 1856 1209 1891 rami
1234 1857 1383 1892 secundi
1412 1856 1590 1902 originem
1619 1857 1790 1891 distincte

133 1915 267 1958 fracta,
307 1927 433 1951 ramus
475 1921 627 1961 quartus
664 1921 703 1951 et
742 1916 889 1962 quintus
928 1929 948 1950 e
986 1917 1122 1963 petiolo
1149 1917 1273 1963 paullo
1309 1915 1475 1951 breviore
1502 1917 1593 1958 nati7
1620 1927 1727 1962 quam
1754 1916 1788 1950 in

131 1974 361 2009 subsectione
398 1974 531 2020 priore.
574 1976 727 2022 Occiput
765 1980 803 2010 et
844 1976 982 2011 thorax
1018 1976 1172 2010 maculis
1216 1977 1361 2010 duabus
1401 1975 1534 2018 flavis,
1576 1976 1634 2010 hic
1661 1978 1788 2010 subtus

131 2032 404 2068 immaculatus.
444 2036 636 2069 Abdomen
675 2035 831 2070 maculis
865 2036 1087 2070 lateralibus
1126 2034 1335 2070 rotundatis
1378 2035 1564 2071 biseriatis
1591 2036 1787 2070 ochraceis.

132 2092 274 2127 cellula
299 2095 440 2128 alarum
468 2094 704 2140 postu-arum,
732 2098 772 2129 ut
798 2094 833 2128 in
858 2095 1078 2129 Machaona

265 2150 346 2194 2Οἵ).
373 2153 582 2199 Specimina
607 2153 786 2190 insularia
813 2154 968 2188 fasciam
996 2155 1221 2189 macularem
1248 2155 1391 2189 habent
1408 2154 1593 2188 latiorem.
1620 2154 1787 2187 Museum

131 2210 354 2246 Caesareum
395 2212 664 2248 aberrationem
702 2213 813 2247 maris
852 2214 1014 2249 continet
1055 2213 1171 2249 fascia
1212 2216 1355 2249 alarum
1406 2214 1632 2258 posticarum
1672 2214 1786 2246 multo

130 2267 277 2312 latiore,
317 2274 354 2304 et
389 2272 547 2306 alteram
590 2272 685 2306 serie
719 2272 894 2307 interiore
933 2274 1162 2308 macularum
1201 2274 1473 2308 flavescentium
1500 2273 1535 2306 in
1563 2272 1632 2306 alis
1658 2271 1786 2306 anticis

130 2328 245 2369 nulla,
272 2327 307 2362 in
334 2330 482 2373 posticis
509 2332 685 2367 obsoleta.

267 2385 350 2431 ²⁰3).
394 2391 592 2424 Antennae
633 2390 867 2436 graciliores,
923 2402 1031 2436 quam
1082 2389 1117 2423 in
1156 2389 1314 2425 sectione
1353 2391 1622 2434 praecedente,
1675 2391 1784 2422 clava

130 2452 297 2487 arcuata,
325 2449 388 2482 scd
416 2450 530 2483 multo
558 2449 781 2492 angustiore.
810 2451 904 2483 Alae
932 2450 1095 2492 latiores,
1135 2450 1279 2484 antii-ac
1319 2460 1414 2483 vena
1440 2448 1636 2483 subcostali
1665 2449 1785 2492 magis

130 2512 309 2547 arcuata,
358 2509 493 2542 venula
529 2508 797 2543 disc-ocellulari
834 2509 1019 2553 superiore
1059 2508 1272 2554 obliquiore.
1328 2507 1433 2542 Rami
1477 2508 1632 2541 mediani
1673 2512 1711 2541 ut
1747 2507 1781 2540 in

127 2566 292 2601 Asteria.
332 2568 428 2601 Alae
467 2567 632 2612 posticae
667 2568 798 2603 leviter
837 2569 1210 2610 sinuato-dentatae,
1265 2568 1549 2613 subspatliulnto
1589 2568 1783 2607 caudatac,

127 2627 293 2671 margine
321 2628 422 2661 anali
452 2630 545 2662 inter
571 2640 692 2663 ramos
720 2629 906 2663 medianos
932 2630 1104 2663 distincte
1132 2628 1326 2662 bisinuato.

265 2684 346 2729 ²⁰⁹).
376 2689 569 2721 Antennae
596 2688 841 2733 gracillimae,
870 2691 902 2722 in
931 2690 1073 2722 clavam
1101 2693 1245 2722 tenuem
1280 2692 1427 2720 acutam
1455 2688 1780 2720 submucronatam

127 2750 381 2780 excurrentes.
409 2747 529 2792 Caput
556 2747 688 2781 ssav-ido
719 2748 986 2792 bipunctatuni.
1023 2746 1177 2792 Occiput
1202 2745 1353 2781 maculis
1379 2747 1523 2779 duabus
1549 2744 1684 2787 grossis
1709 2745 1780 2778 ssa·-

127 2805 232 2840 vidis.
272 2806 417 2841 Collare
460 2819 574 2853 supra
609 2808 761 2842 maculis
800 2810 949 2842 totidem
979 2807 1243 2850 concoloribus,
1282 2808 1411 2841 subtus
1438 2809 1483 2839 ad
1513 2805 1633 2837 latera
1659 2803 1782 2836 antica,

126 2864 312 2900 flavidum.
359 2866 507 2901 Thorax
549 2869 678 2902 subtus
722 2869 871 2903 maculis
909 2867 1160 2902 humeralibus
1198 2866 1349 2901 flavidis.
1394 2866 1584 2899 Abdomen
1628 2863 1780 2897 maculis

126 2924 346 2960 lateralibus
383 2926 637 2972 cingularibus
680 2929 843 2973 serieque
878 2926 1012 2971 duplici
1051 2926 1278 2959 macularum
1319 2925 1539 2959 ventralium
1579 2922 1778 2958 ochraceis.

127 2984 248 3018 Valva
273 2985 393 3021 analis
420 2987 622 3021 masculina
651 2988 766 3021 multo
796 2986 951 3028 bruvior,
979 2996 1088 3031 quam
1117 2985 1150 3018 in
1180 2985 1435 3031 praecedente.

1433 3056 1470 3086 lo
1492 3059 1500 3073 ἲ
