2159 3521
296 377 348 414 74
975 395 1004 423 c.
1024 397 1051 423 ei
1072 396 1101 423 R.
1125 396 1256 425 pomer:

295 477 404 520 dicta,
434 476 578 511 anticae
605 479 737 511 venula
763 476 1029 512 discocellulari
1055 477 1274 525 obliquiore,
1313 481 1468 516 cellulae
1502 482 1573 517 hac
1599 495 1646 518 ex
1672 493 1784 518 causa
1809 485 1949 529 angulo

293 536 482 582 superiore
524 538 622 571 haud
670 536 915 582 prominente,
968 536 1078 572 ramis
1123 538 1265 573 duobus
1310 539 1530 585 primoribus
1574 554 1690 578 venae
1733 543 1950 578 subcostalis

297 598 470 632 distincte
499 598 700 643 separatis,
739 599 896 633 secundo
923 609 947 633 a
971 599 1128 634 cellulae
1156 598 1294 634 extimo
1321 601 1442 646 magis
1459 604 1616 644 remoto3
1644 602 1753 637 ramis
1773 603 1949 637 medianis

296 656 534 701 longioribus.
560 657 657 691 Alae
683 657 846 703 posticae
871 657 987 692 multo
1014 657 1132 693 levius
1164 658 1354 702 dentatae,
1381 666 1484 694 costa
1511 662 1625 695 multo
1651 661 1767 696 minus
1794 662 1950 703 decliva,

293 727 388 751 vena
415 715 541 750 costali
575 727 688 762 quare
714 727 814 750 ramo
841 717 960 763 primo
987 717 1184 752 subcostali
1211 718 1478 764 subparallela,
1505 730 1601 754 vena
1618 720 1814 755 subcostali
1834 722 1948 756 multo

293 775 412 821 magis
439 776 570 810 fracta.

429 834 510 879 197).
538 837 795 870 Antennarum
833 836 941 871 clava
980 835 1129 882 longior
1167 841 1205 872 et
1236 836 1443 883 angustior,
1482 848 1592 883 quam
1630 837 1666 872 in
1699 840 1948 885 sequentibus.

290 896 407 930 minus
447 899 624 940 arcuata,
662 905 775 941 supra
814 895 896 941 plus
934 906 1043 942 quam
1093 896 1242 930 dimidio
1281 896 1399 930 basali
1444 897 1580 931 albido.
1634 898 1778 932 Collare
1830 902 1949 944 magis

290 960 492 990 exsertum.
531 956 652 991 Valva
691 953 812 988 analis
852 955 1057 990 masculina
1083 956 1262 991 obtusior.
1288 957 1383 991 Alae
1409 957 1557 991 anticae
1582 959 1815 1003 angustiores
1848 958 1889 1001 (i.
1917 972 1948 993 e.

290 1026 415 1048 ramus
442 1015 633 1048 medianus
657 1014 839 1048 secundus
865 1018 903 1048 et
928 1014 1060 1050 tertius
1087 1015 1262 1058 brevior).
1314 1016 1453 1051 Ramus
1489 1016 1680 1052 medianus
1717 1016 1855 1062 primus
1893 1023 1951 1052 sat

291 1078 476 1108 arcuatus.
516 1077 614 1109 Alae
653 1075 821 1119 posticae
854 1075 991 1109 venula
1028 1074 1296 1110 discocellulari
1329 1077 1517 1122 superiore
1544 1077 1666 1122 magis
1692 1076 1842 1123 obliqua
1868 1075 1890 1110 i.
1918 1089 1949 1111 e.

292 1135 430 1178 angulo
456 1134 504 1167 ad
531 1133 624 1168 rami
650 1133 867 1168 subcostalis
894 1135 1042 1169 secundi
1068 1135 1248 1181 originem
1275 1135 1471 1171 obtusiore.

426 1191 506 1236 ΗΝ).
534 1193 591 1228 Cf.
634 1192 887 1230 Menetries
926 1194 962 1229 in
996 1195 1263 1232 Schrenck⁹s
1306 1197 1440 1232 Reisen
1479 1196 1526 1231 im
1565 1196 1795 1230 Amurlande
1834 1195 1877 1229 ΙΙ.
1918 1198 1950 1230 1.

290 1253 380 1296 Lep.
407 1265 442 1298 p.
471 1253 526 1286 11.

425 1312 616 1358 Specimen
660 1313 902 1347 masculinum
939 1315 1117 1350 aberrans
1155 1314 1191 1349 in
1218 1315 1434 1351 collectione
1460 1319 1588 1350 nostra
1614 1314 1807 1350 ordinariis
1833 1314 1948 1347 multo

288 1370 406 1405 minus
433 1376 512 1415 est,
556 1373 725 1407 maculae
763 1373 1021 1409 vittaeforines
1059 1375 1262 1410 ochraceae
1299 1377 1415 1410 multo
1442 1376 1645 1421 longiores,
1683 1375 1817 1410 limbus
1843 1374 1950 1419 niger

288 1432 384 1466 lianc
423 1433 469 1466 ob
508 1444 585 1467 rein
627 1433 741 1467 multo
779 1434 975 1480 angustior
1000 1434 1193 1481 fasciaque
1225 1436 1334 1482 nigra
1359 1435 1577 1481 irregularis
1604 1441 1762 1471 externa
1788 1433 1950 1479 paginae

290 1490 469 1525 inferioris
497 1492 641 1526 alarum
668 1493 895 1538 posticarum
920 1495 1031 1529 valde
1057 1500 1280 1541 angustata.
1308 1500 1367 1531 An
1393 1495 1572 1531 transitus
1599 1497 1646 1529 ad
1665 1495 1902 1528 Aiethalmn?

428 1549 494 1593 199)
522 1554 778 1587 Antennarum
805 1554 915 1589 clava
943 1554 1088 1590 brevior
1115 1558 1152 1588 et
1177 1557 1347 1597 crassior,
1386 1567 1494 1601 quam
1522 1555 1557 1588 in
1584 1554 1834 1601 sequentibus
1871 1554 1949 1586 Ab-

286 1609 416 1643 domen
454 1611 615 1646 brevius.
669 1614 762 1646 Alae
802 1613 949 1648 anticae
988 1614 1195 1657 breviores,
1240 1616 1375 1649 cellula
1412 1626 1539 1649 earum
1580 1615 1745 1654 brevior,
1788 1612 1949 1659 posticae

287 1669 470 1705 levissime
510 1671 695 1715 sinuatae,
734 1676 954 1717 ecaudatae,
992 1677 1135 1709 caudae
1174 1674 1292 1709 instar
1324 1677 1432 1709 dente
1458 1679 1570 1709 acuto
1598 1675 1645 1708 ad
1671 1672 1763 1708 rami
1790 1671 1949 1706 mediani

286 1729 387 1764 tertii
414 1729 605 1775 extimum,
643 1732 780 1767 cellula
822 1733 1029 1768 discoidalis
1069 1745 1197 1769 earum
1230 1734 1376 1769 brevior
1407 1745 1578 1781 venaque
1605 1732 1823 1769 subcostsalis
1851 1732 1949 1776 apud

289 1789 381 1824 rami
421 1789 526 1836 primi
564 1791 743 1837 originem
782 1793 904 1840 magis
941 1793 1078 1838 fracta,
1115 1798 1268 1829 truncus
1306 1793 1386 1839 ejus
1412 1795 1627 1840 plerumque
1653 1791 1812 1831 brevior,
1840 1802 1951 1837 quam

286 1848 522 1885 interstitium
551 1862 747 1887 ramorum.
776 1855 924 1891 Venula
954 1854 1248 1890 discocellularis
1287 1856 1433 1889 alarum
1470 1853 1677 1889 antiearum
1716 1852 1842 1898 paullo
1883 1851 1952 1884 ob-

285 1910 431 1956 liquior,
460 1923 568 1956 quam
596 1911 632 1945 in
659 1918 845 1959 sequente.

422 1969 505 2013 Μ’).
531 1971 637 2005 Rami
665 1973 736 2006 duo
763 1974 991 2008 subcostales
1018 1973 1196 2020 primores
1215 1974 1361 2010 alarum
1380 1973 1589 2008 anticarum
1608 1975 1666 2007 sat
1684 1968 1949 2017 approximati,

286 2032 423 2066 venula
451 2031 739 2068 discocellularis
765 2033 932 2079 superior
958 2044 1086 2068 earum
1113 2038 1173 2068 sat
1200 2034 1360 2080 obliqua.
1387 2034 1538 2067 Thorax
1564 2031 1664 2067 vittis
1687 2031 1830 2064 duabus
1846 2028 1950 2064 flavis

288 2092 387 2125 ultra
415 2091 574 2126 frontem
601 2093 730 2128 ductis.
758 2094 948 2127 Abdomen
974 2093 1077 2128 vittis
1102 2092 1259 2138 perlatis
1284 2093 1506 2128 lateralibus
1532 2092 1647 2127 flavis.

424 2150 504 2195 201).
532 2153 632 2188 Duas
661 2152 815 2187 feminas
853 2164 873 2186 e
910 2152 1070 2197 Japonia
1109 2154 1329 2198 accepimus.
1362 2153 1498 2188 Differt
1524 2163 1547 2186 a
1565 2151 1773 2186 Machaona
1799 2152 1949 2182 statura

288 2211 401 2245 multo
430 2211 584 2256 majore,
611 2212 730 2246 fascia
755 2224 915 2257 superna
941 2214 1054 2247 multo
1082 2213 1312 2258 angustiore,
1338 2213 1545 2257 pallidiore,
1572 2213 1639 2246 alis
1660 2208 1949 2256 angustioribus,

288 2272 422 2307 anticis
465 2272 583 2318 apice,
623 2272 773 2318 posticis
800 2278 904 2308 costa
931 2272 1174 2315 brevioribus,
1200 2272 1235 2306 in
1262 2273 1413 2318 regione
1440 2272 1541 2306 anali
1568 2274 1683 2306 multo
1712 2269 1831 2315 magis
1859 2280 1949 2315 por-

288 2332 408 2373 rectis,
445 2331 590 2378 longius
630 2331 813 2376 caudatis,
854 2333 1005 2367 maculis
1040 2332 1382 2378 submarginalibus
1418 2333 1536 2368 minus
1563 2331 1761 2374 distinctis,
1802 2330 1950 2364 macula

287 2391 386 2426 anali
414 2403 436 2426 a
462 2393 589 2426 lunula
616 2392 801 2427 atomaria
828 2392 1001 2427 caerulea
1026 2392 1164 2439 optime
1189 2396 1381 2438 separata,
1410 2392 1600 2427 obscurius
1628 2392 1805 2435 colorata,
1832 2388 1951 2424 fascia

288 2451 467 2485 maculari
525 2451 635 2496 nigra
697 2451 861 2497 paginae
925 2452 1108 2488 inferioris
1160 2454 1305 2488 alarum
1356 2453 1577 2499 posticarum
1635 2452 1754 2486 multo
1803 2450 1950 2493 latiore,

290 2510 534 2555 distinctiore,
561 2510 698 2546 lunulis
724 2511 914 2548 atomariis
942 2513 1122 2548 caeruleis
1149 2517 1249 2559 apud
1277 2524 1341 2547 eas
1367 2514 1483 2547 multo
1510 2511 1718 2554 latioribus,
1737 2510 1772 2544 in
1792 2509 1950 2544 medium

290 2571 371 2606 fere
410 2572 638 2605 macularum
676 2571 868 2617 nigrarum
907 2573 1049 2617 positis,
1088 2577 1196 2608 extus
1223 2574 1339 2608 multo
1365 2573 1484 2608 minus
1512 2575 1558 2607 ab
1585 2573 1716 2607 atomis
1743 2568 1949 2616 sulphureis

290 2631 474 2671 limitaffls,
516 2630 633 2666 fascia
671 2630 942 2676 submarginali
978 2631 1142 2678 paginae
1168 2632 1352 2667 inferioris
1378 2633 1616 2667 increscente.
1666 2630 1830 2665 Petiolus
1856 2629 1948 2663 rami

291 2690 512 2724 subc-ostam
540 2689 663 2736 quarti
691 2694 727 2725 et
753 2691 871 2737 quinti
898 2692 1041 2726 alarum
1069 2692 1273 2726 anticarum
1300 2693 1458 2738 longior,
1485 2702 1594 2739 quam
1622 2691 1657 2725 in
1677 2690 1884 2725 Machaona
1911 2693 1949 2722 et

291 2750 429 2783 cellula
455 2749 662 2784 discoidalis
689 2750 850 2783 omnium
877 2751 1022 2785 alarum
1048 2751 1205 2797 longior.

428 2806 509 2850 ²⁰²).
541 2807 710 2855 Sphyrus
749 2810 953 2844 Lederer
995 2810 1199 2844 Verliandl.
1238 2813 1272 2845 d.
1316 2811 1407 2845 zool.
1436 2810 1510 2844 bot.
1537 2808 1622 2844 Ges.
1650 2819 1694 2843 zu
1722 2807 1828 2841 Wien
1857 2809 1946 2842 1852

295 2879 326 2909 p.
355 2870 398 2900 '28
427 2868 613 2902 aberratio
638 2868 862 2903 Machaonis
887 2868 1003 2914 typici
1031 2873 1099 2904 est.
1126 2869 1166 2903 In
1195 2871 1297 2904 icone
1325 2867 1776 2912 HiibnerianaSphyri
1803 2868 1948 2901 macula

294 2926 407 2960 tortia
425 2929 569 2961 alarum
583 2929 785 2963 anticarum
810 2929 926 2971 (inter
952 2939 1083 2964 venam
1110 2930 1351 2965 subcostalem
1384 2932 1419 2964 et
1446 2928 1681 2964 diseoidalem
1708 2926 1949 2971 superiorem)

294 2987 433 3020 nullam
460 2985 639 3021 maculam
667 2989 812 3032 nigram
840 2988 1003 3022 includit.
