2159 3521
315 383 369 420 80
996 401 1025 428 C.
1047 403 1071 426 ct
1094 400 1123 427 R.
1146 399 1278 428 Felder:

455 482 536 528 244).
563 483 658 518 Alae
684 481 847 528 posticae
874 484 1092 526 ecaudatae,
1129 481 1164 515 in
1198 493 1299 517 mare
1325 484 1423 529 apud
1450 494 1591 518 ramum
1620 482 1828 518 medianum
1854 494 1973 530 angu-

314 545 427 580 latae.
461 542 578 578 Sexus
606 542 715 577 valde
742 541 949 577 discolores.
978 542 1174 575 Abdomen
1200 541 1361 576 seriebus
1393 543 1536 578 duabus
1562 544 1856 587 subdorsalibus,
1898 555 1973 577 una

314 603 460 641 laterali
506 601 694 650 quinisque
735 602 960 638 ventralibus
988 602 1218 636 macularum
1244 601 1424 635 albarum.
1464 602 1590 638 Facies
1617 602 1770 638 sectioni
1794 603 1974 648 Panopes

316 660 523 698 subsimilis.

451 730 533 776 245).
560 733 656 766 Alae
694 730 857 777 posticae
895 734 1143 775 rotundatae,
1183 732 1292 776 plane
1332 732 1548 767 ecaudatae.
1593 734 1785 768 Abdomen
1815 733 1972 769 fuscum.

316 794 434 828 Sexus
460 793 568 828 valde
594 791 742 827 diversi.
773 791 945 826 Feminae
970 791 1132 838 Polytem
1157 790 1355 826 imitantes.

451 864 533 909 246).
559 865 726 899 Eandem
764 876 843 898 cum
883 863 931 899 P.
972 862 1155 897 Ambrace
1189 863 1336 899 Boisd.
1387 863 1547 910 speciem
1603 863 1687 898 olim
1727 862 1975 908 ⁸iudicavimus

318 926 455 971 (Wien.
494 929 568 961 ent.
602 924 865 960 Monatsehrift
898 924 961 959 IV.
992 936 1025 968 p.
1054 924 1155 965 ¹228),
1198 926 1261 958 sed
1302 927 1430 958 auctor
1464 925 1562 958 clare
1605 923 1777 958 describit
1801 924 1975 970 paginam

318 986 529 1022 inferiorem
568 985 715 1019 alarum
753 985 976 1029 posticarum
1014 983 1098 1018 albo
1126 985 1363 1019 maculatam.
1396 985 1534 1019 Eodem
1562 983 1640 1018 fere
1659 983 1748 1029 jure
1774 984 1914 1029 species
1941 983 1975 1017 in

320 1045 546 1083 vicinitatem
573 1043 617 1078 P.
647 1043 774 1079 Paesti
800 1042 935 1078 Guer.
962 1042 1065 1088 rejici
1093 1046 1225 1088 posset.

451 1115 535 1159 24Ἲ).
567 1115 660 1151 Alae
687 1114 851 1160 posticae
878 1116 1097 1157 ecaudatae,
1127 1115 1188 1149 sed
1216 1115 1324 1149 dente
1352 1115 1398 1148 ad
1426 1125 1566 1149 ramum
1595 1114 1802 1149 medianum
1829 1113 1978 1149 tertium

318 1178 524 1224 paullulum
545 1175 760 1222 prominulo.
778 1175 885 1209 Vena
903 1174 1122 1208 subcostalis
1137 1175 1282 1207 alarum
1302 1174 1507 1209 anticarum
1525 1173 1642 1209 minus
1659 1178 1828 1218 arcuata,
1845 1174 1978 1208 cellula

316 1238 386 1271 hac
412 1249 460 1271 ex
486 1246 600 1270 causa
626 1234 744 1268 latior.
773 1234 891 1269 Sexus
917 1234 952 1267 in
980 1236 1098 1268 colore
1126 1238 1164 1268 et
1181 1234 1383 1278 signaturis
1402 1234 1512 1269 valde
1532 1235 1800 1281 discrepantes.
1827 1232 1978 1268 Femina

321 1295 357 1328 in
383 1295 528 1329 duabus
553 1294 632 1336 (vel
659 1293 828 1339 pluribus
844 1292 880 1336 ?)
909 1293 1035 1328 formis
1074 1304 1097 1326 a
1136 1304 1237 1327 mare
1269 1304 1386 1339 aeque
1412 1292 1577 1334 diversis,
1609 1304 1683 1327 una
1706 1292 1867 1338 Polytem
1891 1290 1978 1326 imi-

317 1360 411 1388 tans.
451 1353 606 1388 Statura
643 1353 774 1398 major,
815 1364 922 1399 quam
950 1352 985 1387 in
1012 1353 1329 1398 praecedentibus.

454 1423 536 1468 244).
564 1425 637 1460 Cel.
666 1426 870 1460 Wallace
897 1424 1000 1459 nobis
1027 1424 1185 1471 scripsit,
1212 1423 1257 1458 P.
1293 1424 1502 1457 Onesimum
1528 1424 1646 1458 Hew.
1675 1422 1834 1469 benigne
1861 1422 1908 1456 ab
1937 1433 1979 1455 eo

320 1484 509 1521 nobiscum
543 1484 870 1528 communicatum,
899 1487 1100 1519 secundam
1129 1495 1207 1518 esse
1241 1484 1391 1518 Omnem·
1417 1484 1604 1518 feminam.
1643 1483 1754 1517 Haud
1792 1494 1981 1528 possumus

318 1546 506 1589 dubitare,
544 1543 591 1578 P.
618 1543 796 1590 Amangya
822 1543 969 1578 Boisd.
1005 1544 1116 1578 etiam
1158 1543 1217 1577 hic
1254 1542 1440 1587 pertinere
1468 1546 1505 1577 et
1530 1542 1823 1588 geographicam
1855 1543 1981 1577 varie-

321 1608 438 1639 tatem
471 1604 634 1638 Onesimi
660 1615 758 1647 esse,
801 1602 967 1638 similiter
1002 1606 1042 1636 ut
1076 1602 1121 1637 P.
1152 1602 1315 1636 Ancemn
1344 1601 1395 1636 Cr
1407 1612 1482 1636 am.
1509 1602 1555 1636 P.
1583 1602 1856 1646 Laomedontis,
1884 1612 1979 1646 quae

318 1666 451 1699 ambae
478 1675 561 1698 cum
592 1663 640 1697 P.
670 1662 832 1709 Agenore
859 1664 902 1697 L.
941 1666 1141 1697 secundam
1169 1662 1383 1697 femininam
1410 1661 1454 1695 P.
1481 1661 1683 1696 Memnonis
1710 1662 1866 1695 formam
1892 1672 1982 1694 con-

317 1724 487 1759 stituunt.
526 1722 734 1768 Specimina
773 1723 975 1757 masculina
1014 1735 1033 1756 e
1060 1722 1168 1756 litore
1207 1721 1608 1756 occidentali-austra-li
1648 1721 1773 1756 Novae
1816 1719 1981 1754 Guineae

318 1783 483 1819 maculas
509 1784 629 1818 colore
658 1782 773 1817 dilute
803 1781 1111 1818 ocliraceo-fulvo
1138 1781 1331 1825 exhibent,
1359 1783 1451 1815 sicut
1475 1780 1521 1814 P.
1547 1780 1713 1814 Ambo-am
1738 1782 1775 1813 et
1790 1779 1983 1813 Eucherio)-

317 1842 353 1878 in
379 1844 449 1878 hac
475 1842 636 1888 regione.
662 1861 706 1866 —-
734 1840 926 1887 Specimen
953 1840 988 1874 in
1016 1841 1226 1876 collectione
1252 1845 1395 1886 nostra,
1422 1852 1444 1875 a
1472 1841 1537 1875 cel.
1564 1840 1769 1875 Wallace
1795 1839 1830 1873 in
1856 1838 1982 1872 insulis

318 1906 417 1938 Arru
445 1907 596 1948 captum
623 1902 745 1937 differt
771 1903 817 1936 ab
844 1901 914 1936 illis
941 1901 1067 1936 Novae
1109 1900 1276 1936 Guineae
1310 1900 1426 1936 fascia
1464 1901 1611 1934 alarum
1650 1899 1873 1945 posticarum
1911 1909 1983 1932 an·-

321 1963 505 2008 gustiore,
546 1963 700 1996 maculis
739 1960 820 2005 ejus
857 1965 969 1994 extus
1011 1960 1258 2006 inaequaliter
1295 1958 1450 1994 sinuatis
1487 1958 1718 2004 fasciolaque
1743 1955 1921 1993 maculari
1947 1956 1983 1990 in

318 2023 429 2057 limbo
456 2021 591 2068 apicali
618 2022 763 2055 alarum
790 2020 998 2053 anticarum
1027 2021 1165 2065 optime
1192 2018 1374 2053 distincta.

458 2091 539 2135 249).
568 2092 760 2137 Specimen
802 2090 1040 2126 masculinum
1094 2091 1129 2125 in
1169 2091 1296 2125 Museo
1340 2090 1522 2125 Caesareo
1557 2088 1756 2124 Viennensi
1801 2088 1983 2123 maculam

324 2152 424 2187 intra
463 2152 635 2185 cellulam
682 2151 827 2185 alarum
868 2150 1092 2197 posticarum
1133 2155 1172 2184 et
1210 2160 1322 2195 supra
1362 2149 1395 2183 in
1436 2149 1478 2184 iis
1512 2150 1696 2183 maculam
1723 2150 1920 2182 secundam
1948 2148 1983 2181 in

322 2212 475 2258 regione
502 2212 605 2245 anali
631 2211 768 2253 rufam,
795 2210 891 2244 inter
917 2220 1060 2244 ramum
1090 2211 1299 2243 medianum
1326 2208 1482 2253 primum
1508 2212 1546 2243 et
1579 2209 1779 2243 secundum
1817 2207 1982 2242 exhibet.

320 2272 432 2305 Aliud
476 2270 660 2317 specimen
697 2270 732 2303 in
772 2271 900 2303 cadom
945 2268 1160 2304 collectione
1200 2273 1259 2303 sat
1285 2280 1441 2314 parvum
1469 2271 1538 2310 est,
1577 2268 1725 2302 lunulas
1755 2265 1983 2311 marginales

321 2332 422 2367 sulvo
463 2333 648 2365 coloratas
687 2333 725 2364 et
758 2331 887 2365 subtus
926 2328 961 2362 in
1000 2328 1067 2362 alis
1106 2327 1254 2372 posticis
1301 2328 1456 2362 fasciam
1495 2327 1709 2361 distinctam
1751 2326 1983 2359 macularum

325 2392 535 2437 grisearum
562 2391 689 2424 habet.

457 2448 535 2492 ²5⁰).
564 2450 698 2484 Differt
724 2460 746 2483 a
774 2448 934 2483 sectione
960 2448 1208 2494 praecedente
1235 2447 1407 2481 antennis
1434 2446 1550 2480 multo
1578 2444 1820 2490 longioribus,
1859 2442 1982 2488 capite

323 2510 478 2554 majore,
506 2521 658 2555 corpore
684 2510 799 2543 multo
828 2509 1042 2549 robustiore,
1068 2508 1220 2542 sexibus
1248 2508 1363 2541 multo
1384 2506 1500 2540 minus
1516 2504 1826 2550 discrepantibus,
1853 2501 1982 2537 collari

323 2580 439 2615 supra
477 2570 641 2604 obsolete
680 2570 855 2604 orliraceo
901 2569 1102 2613 bivittato,
1163 2568 1317 2602 thorace
1360 2570 1397 2600 et
1436 2565 1631 2600 abdomine
1671 2565 1799 2598 subtus
1837 2562 1983 2597 omniuo

322 2629 525 2673 ochraceis,
566 2629 678 2665 valva
717 2629 819 2663 anali
862 2640 1004 2663 marum
1041 2628 1172 2664 latiore
1208 2633 1246 2662 et
1286 2626 1400 2660 multo
1438 2624 1645 2669 obtusiore,
1683 2623 1820 2659 venula
1862 2621 1982 2655 disco-

322 2688 491 2723 cellulari
526 2689 669 2722 alarum
709 2689 917 2723 anticarum
959 2689 1073 2722 multo
1113 2686 1232 2732 magis
1259 2686 1421 2731 obliqua,
1454 2696 1549 2721 vena
1576 2682 1764 2718 discoidali
1791 2681 1980 2725 superiore

323 2748 420 2782 infra
458 2748 537 2792 ejus
581 2747 739 2783 medium
787 2749 926 2783 oriente
968 2747 1090 2792 magis
1124 2748 1294 2781 deorsum.
1333 2745 1474 2779 directa
1511 2744 1719 2787 cellulaque
1757 2739 1982 2786 posticarum

323 2806 539 2851 angustiore
567 2818 680 2852 usquc
707 2807 741 2840 in
768 2808 853 2841 alae
880 2806 1039 2840 medium
1065 2811 1232 2840 extensa.

458 2863 537 2908 Ι451).
566 2866 717 2901 Femina
743 2878 766 2900 a
793 2878 894 2901 mare
921 2867 1043 2900 diss'ert
1070 2866 1190 2899 colore
1218 2863 1426 2909 pallidiore,
1453 2860 1573 2896 fascia
1600 2860 1745 2894 alarum
1772 2857 1981 2892 amicarum

325 2933 465 2957 ramum
508 2925 715 2959 medianum
759 2927 956 2960 secundum
997 2926 1097 2959 haud
1124 2924 1350 2968 attingente,
1388 2933 1411 2955 a
1444 2923 1551 2966 parte
1577 2919 1671 2954 enim
1700 2918 1873 2952 inferiore
1901 2916 1981 2961 ejus

323 2983 470 3016 macula
498 2983 593 3018 inter
620 2996 741 3019 ramos
769 2985 948 3031 primores
977 2985 1162 3020 medianos
1189 2982 1384 3026 diminuta,
1413 2977 1779 3025 elongato-elliptica
1820 2984 1855 3013 et
1897 2987 1981 3010 ma-
