2159 3521
610 408 719 442 Species
737 408 972 443 vaidoptcrorum
991 409 1129 444 hucusque
1146 410 1302 444 descriptae.
1735 398 1785 434 69

138 493 325 539 petiolati,
353 501 461 538 quam
489 490 524 523 in
551 490 714 525 sectione
739 493 998 535 praecedente.
1034 492 1170 537 Margo
1196 492 1364 528 internus
1391 492 1537 528 alarum
1564 495 1788 539 posticarum

138 553 254 586 multo
280 549 400 597 magis
427 549 572 585 excisus
614 549 654 593 (i.
683 563 713 585 e.
741 550 903 596 spatium
929 555 1013 596 post
1040 551 1172 596 plicam
1201 551 1385 586 internam
1419 553 1535 587 multo
1561 554 1789 599 angustius).

136 614 229 648 Alae
254 609 422 658 posticae
446 608 600 644 maculis
625 610 977 656 submarginalibus.

272 691 351 735 166).
378 695 635 727 Antennarum
662 693 770 728 clava
796 693 953 740 longior,
981 704 1091 740 quam
1119 693 1154 728 in
1181 693 1344 729 sectione
1370 696 1632 740 antecedente,
1665 695 1789 741 nigra.

137 753 232 788 Alae
267 751 416 788 anticae
451 753 567 788 multo
606 753 808 799 longiores,
842 764 968 788 ramus
1004 752 1226 788 subcostalis
1265 753 1404 799 primus
1429 765 1556 789 earum
1585 765 1606 789 a
1633 755 1788 790 cellulae

137 811 276 847 extimo
314 812 431 846 multo
463 811 612 858 longius
646 817 824 854 remotus,
864 822 988 848 ramus
1031 816 1187 858 quartus
1212 817 1252 846 et
1279 812 1427 857 quintus
1460 825 1479 847 e
1505 813 1643 859 petiole
1670 817 1787 849 multo

135 871 305 906 breviore
347 870 488 916 emissi,
534 882 632 907 vena
669 871 878 906 discoidalis
923 871 1092 916 superior
1137 882 1251 916 supra
1301 872 1457 907 venulae
1503 873 1788 909 discocellularis

136 930 297 966 medium
336 935 453 975 nata,
495 930 648 964 inferior
679 935 718 966 et
756 941 881 966 ramus
922 931 1116 965 medianus
1149 931 1330 965 secundus
1356 935 1395 965 et
1419 932 1554 967 tertius
1579 934 1788 979 paullulum

136 989 298 1033 arcuati,
336 1000 461 1024 ramus
500 989 690 1025 medianus
727 990 867 1036 primus
904 994 944 1025 et
982 991 1163 1026 secundus
1205 993 1266 1025 sat
1307 991 1476 1026 deorsum
1515 992 1665 1037 directi,
1709 993 1789 1028 fere

137 1049 281 1083 omnino
307 1048 488 1096 paralleli.
515 1050 609 1084 Alae
635 1049 800 1095 posticae
826 1051 942 1084 multo
970 1050 1171 1094 breviores,
1199 1060 1310 1096 quam
1335 1050 1372 1084 in
1398 1051 1559 1085 sectione
1586 1052 1788 1096 anteriore,

141 1109 277 1142 cellula
317 1107 507 1143 discoidali
540 1109 658 1142 multo
696 1108 844 1151 latiore,
883 1119 978 1144 vena
1003 1109 1203 1144 subcostali
1231 1112 1330 1154 apud
1355 1109 1450 1144 rami
1475 1109 1582 1154 primi
1610 1111 1788 1157 originem

135 1167 256 1213 magis
292 1167 427 1202 fracta.
471 1167 644 1202 Maculae
676 1167 870 1202 lunulatae
912 1167 948 1202 in
985 1180 1114 1203 earum
1147 1168 1316 1214 margine
1343 1168 1432 1214 ipso,
1458 1168 1590 1216 Margo
1617 1170 1788 1203 abdomi-

134 1228 228 1263 nalis
267 1228 411 1263 alarum
448 1226 676 1273 posticarum
702 1226 818 1261 multo
845 1225 970 1270 latior,
998 1237 1107 1274 quam
1133 1226 1170 1263 in
1195 1229 1455 1274 praecedente.
1489 1229 1629 1274 Corpus
1655 1231 1786 1264 subtus

135 1292 258 1323 totum
285 1288 638 1322 ochraceo—ssavum.
665 1286 784 1322 Sexus
811 1287 1030 1321 concolores.

278 1357 359 1402 ¹⁶⁷).
386 1358 561 1394 Collectio
587 1358 704 1394 Musei
733 1358 903 1394 Caesarei
929 1358 1145 1394 Viennensis
1182 1359 1366 1406 specimen
1398 1359 1564 1395 continet
1588 1371 1612 1396 a
1637 1359 1680 1394 01.
1708 1358 1788 1395 Ida

134 1419 340 1454 Pfeiffer
365 1418 401 1453 in
426 1418 595 1454 Andibus
622 1418 840 1455 Peruvianis
865 1419 1017 1453 lectum.

275 1487 356 1533 ¹⁶3).
382 1489 491 1525 Certe
516 1489 667 1537 propria
699 1490 851 1536 species,
879 1489 1028 1524 minime
1054 1501 1136 1524 011111
1163 1493 1342 1536 sequente
1368 1490 1634 1526 confundenda.
1666 1489 1789 1525 Multa

133 1548 334 1597 specimina
357 1548 552 1595 utriusque
578 1549 884 1595 comparavimus.
910 1548 1134 1584 Constanter
1157 1549 1279 1584 differt
1298 1560 1321 1583 a
1340 1549 1485 1584 Thoade
1507 1549 1625 1585 fascia
1642 1549 1788 1583 alarum

135 1609 345 1646 anticarum
371 1610 488 1644 multo
516 1608 720 1654 obliquiore
748 1609 816 1652 (cf.
844 1609 1031 1644 Cramer
1057 1609 1147 1644 Uitl.
1174 1607 1263 1654 Cap.
1291 1609 1335 1644 ΙΙ.
1368 1621 1403 1654 p.
1432 1611 1518 1652 109)
1555 1613 1593 1643 et
1618 1608 1787 1655 margine

133 1680 263 1704 earum
299 1667 406 1714 nigro
456 1667 492 1702 in
529 1669 669 1714 pagina
710 1668 901 1715 superiore
950 1669 1163 1714 pellucente
1212 1668 1359 1703 latiore.
1418 1669 1492 1704 Cel.
1531 1666 1785 1704 Menetries

134 1729 281 1771 (Enum.
308 1726 416 1773 Corp.
442 1727 563 1762 Anim.
589 1730 684 1763 Mus.
710 1728 903 1774 Petropol.
931 1740 965 1773 p.
995 1729 1096 1771 111),
1123 1728 1218 1762 sicut
1263 1732 1302 1764 et
1327 1729 1584 1772 Cramerus7
1628 1729 1784 1763 formam

133 1787 326 1822 Americae
352 1786 653 1832 septentrionalis
687 1792 725 1822 et
757 1787 963 1822 insularum
990 1792 1077 1822 ante
1103 1799 1141 1822 se
1167 1787 1311 1822 habuit.
1357 1787 1565 1833 Specimina
1591 1787 1787 1821 Americae

133 1845 433 1893 septentrionalis
477 1847 557 1880 alas
594 1846 762 1890 latiores,
807 1847 951 1881 anticas
993 1849 1110 1882 multo
1156 1847 1274 1882 minus
1301 1849 1503 1893 productas
1529 1848 1681 1882 habent.
1731 1848 1786 1880 Ea

132 1907 259 1942 Indiae
298 1905 534 1940 occidentalis
577 1907 623 1940 ab
662 1905 719 1941 1113
763 1906 976 1952 discrepant
1008 1907 1101 1942 serie
1138 1907 1408 1952 submarginali
1435 1906 1615 1940 maculari
1641 1908 1785 1941 alarum

132 1965 341 2000 anticarum
379 1964 539 2010 paginae
574 1965 774 2010 superioris
813 1966 966 2002 maculis
998 1967 1116 2002 tribus
1154 1972 1278 2002 aucta.
1314 1966 1490 2003 Proxima
1522 1965 1673 2002 veniunt
1698 1977 1786 2010 spe-

131 2024 265 2059 cimina
290 2024 494 2067 mexicana‚
521 2035 615 2070 quae
643 2025 803 2059 omnium
830 2024 982 2060 minima
1007 2030 1104 2061 sunt.
1153 2026 1361 2072 Specimina
1393 2025 1596 2061 columbica
1622 2036 1644 2059 a
1671 2036 1785 2070 prae-

132 2083 350 2119 cedentibus
378 2083 551 2117 differunt
577 2083 644 2118 alis
671 2084 964 2129 angustioribus,
991 2086 1122 2120 anticis
1149 2086 1253 2131 apice
1279 2089 1397 2120 multo
1423 2085 1543 2130 magis
1582 2085 1786 2131 productis,

132 2142 282 2189 posticis
323 2142 471 2188 longius
510 2143 698 2186 caudatis,
749 2143 867 2178 fascia
911 2145 1119 2179 anticarum
1175 2145 1296 2191 magis
1336 2146 1516 2180 maculari
1568 2148 1786 2193 maculaque

131 2203 304 2237 distincta
342 2213 485 2248 semper
523 2202 559 2236 in
597 2213 724 2238 earum
763 2203 897 2237 cellula
938 2208 1156 2249 apparente.
1199 2204 1265 2239 His
1292 2206 1474 2239 accedunt
1501 2205 1722 2239 surinamica
1749 2211 1787 2239 ct

133 2262 393 2308 cayennenffia,
419 2262 484 2296 setl
509 2266 658 2297 statura
683 2262 832 2306 majore,
865 2263 981 2297 fascia
1007 2264 1123 2297 multo
1150 2263 1283 2298 latiore
1312 2265 1373 2306 (ut
1398 2264 1432 2297 in
1456 2263 1632 2306 Tltofflle),
1660 2265 1785 2299 caudis

130 2321 362 2367 longioribus
396 2323 616 2367 maculaque
653 2322 819 2356 cellulari
861 2325 1007 2356 alarum
1050 2323 1257 2357 anticarum
1293 2323 1462 2356 obsoleta
1503 2323 1786 2367 dignoscuntur.

133 2380 369 2416 Brasiliensia
407 2381 454 2414 ab
497 2380 552 2415 1113
591 2381 802 2426 discrepant
829 2382 947 2416 fascia
972 2382 1111 2416 alarum
1150 2383 1357 2416 anticarum
1385 2381 1611 2426 angustiore,
1640 2383 1786 2416 macula

131 2440 212 2485 ejus
241 2440 354 2474 tertia
381 2451 403 2474 a
428 2439 533 2474 fundi
561 2441 680 2475 colore
707 2442 819 2475 multo
847 2441 966 2486 magis
992 2441 1185 2485 perforata
1211 2441 1429 2486 maculaque
1450 2441 1615 2475 cellulari
1639 2443 1783 2477 omnino

133 2501 286 2534 absente
322 2499 374 2539 (in
412 2499 550 2534 femina
592 2499 737 2544 saepius
776 2500 922 2533 macula
960 2500 1101 2534 minuta
1140 2500 1174 2534 in
1210 2501 1347 2534 cellula
1383 2503 1570 2545 apparet).
1614 2504 1784 2537 Museum

133 2559 353 2592 Caesareum
391 2559 575 2603 specimen
617 2560 777 2593 continet
815 2560 955 2593 formae
982 2558 1189 2594 brasiliensi
1216 2558 1381 2605 proxime
1409 2561 1600 2604 accedens,
1627 2561 1688 2594 sed
1717 2560 1785 2595 alis

132 2617 260 2653 {inticis
287 2618 578 2663 angustioribus,
606 2619 754 2664 posticis
782 2619 815 2653 in
843 2619 994 2664 regione
1021 2619 1147 2655 costali
1175 2618 1418 2660 brevioribus,
1446 2619 1480 2652 in
1507 2619 1657 2663 regione
1684 2619 1783 2653 unali

132 2678 247 2711 multo
285 2678 406 2723 magis
445 2678 624 2724 porrectis
653 2678 841 2724 fasciaque
868 2689 1029 2723 superna
1056 2681 1171 2713 multo
1199 2679 1415 2724 angustiore
1442 2679 1637 2713 diversum.
1690 2680 1784 2724 Spe·—

131 2737 246 2771 cimen
285 2737 320 2771 in
358 2737 573 2773 collectione
609 2742 733 2772 nostra
776 2740 999 2782 bogotatnum
1040 2739 1223 2772 maculam
1264 2738 1368 2771 fundi
1407 2739 1526 2772 colore
1563 2737 1598 2771 in
1637 2740 1783 2772 macula

131 2796 242 2830 tertia
267 2796 408 2830 fasciae
435 2808 616 2841 supernae
643 2798 787 2831 alarum
814 2797 1021 2830 antiearum
1049 2799 1253 2832 obsoletam
1280 2796 1403 2832 habet.

265 2868 465 2903 Aberratio
504 2868 645 2902 formae
686 2868 900 2903 mexicanue
943 2870 1096 2903 colorem
1143 2871 1360 2903 ochraceum
1398 2871 1525 2904 subtus
1569 2868 1782 2915 praedomi-

132 2930 281 2961 nantem
307 2927 491 2970 ostendit,
533 2928 737 2962 anticam-um
778 2930 938 2962 1110001113
979 2929 1179 2963 exteriores
1216 2941 1237 2962 a
1266 2929 1416 2962 1110011113
1443 2929 1782 2974 submarginalibus

133 2986 231 3020 linea
281 2988 382 3021 tenui
420 2987 615 3032 irregulari
661 2988 766 3031 nigrat
802 2992 1008 3032 separatasq
1053 2988 1198 3023 1111111103·
1226 2988 1469 3031 grisesccutcs
1498 2990 1640 3023 alarum
1669 2989 1783 3032 posti-
